2678 4140
395 252 400 262 '
459 273 571 324 urens
595 273 617 323 1.
654 273 766 325 nrvus
790 274 913 326 numus
1146 264 1190 330 45

191 441 316 504 insidias
338 443 478 521 undique
499 444 694 505 imminentis
716 445 821 505 subire
842 446 938 507 semel
960 466 1055 526 quarn
1080 467 1190 510 cavere

190 548 405 610 ...solitum
433 550 557 609 ierunt:
587 569 666 609 non
689 555 769 610 tarn
791 570 861 612 sua
882 571 998 630 quam
1020 553 1080 613 rei
1101 555 1190 632 pub

188 653 292 714 licae
320 654 527 714 interesse
551 654 615 714 uti
636 655 776 715 salvus
803 665 926 719 esset:
952 678 991 718 se
1016 659 1091 718 iam
1116 657 1191 734 pri·

188 759 272 819 dem
293 759 774 837 potentiaegloriaeque
797 760 956 822 abunde
980 763 1190 842 adeptum;

188 884 266 924 rem
299 864 514 942 publicam,
540 866 575 924 si
605 866 703 942 quid
724 866 808 925 sibi
836 867 1033 943 eveniret,
1061 858 1213 946 n'equet

187 970 368 1047 quietam
395 971 544 1031 forest
571 971 790 1048 aliquanto
820 973 1031 1033 deteriore
1060 974 1191 1034 condi·

187 1076 303 1136 oione
325 1075 473 1136 civilia
493 1056 604 1136 bella
626 1076 868 1136 subituram.

112 1176 165 1230 87
225 1182 312 1242 Illud
327 1183 420 1260 plane
432 1183 515 1242 inter
530 1201 636 1242 omnes
652 1183 719 1242 fere
734 1181 887 1258 constitit,
903 1183 1000 1244 talem
1013 1184 1043 1244 ei
1057 1191 1190 1245 mortem

186 1292 284 1365 paene
312 1306 351 1347 ex
375 1288 532 1347 sententia
556 1287 715 1364 obtigisse.
759 1289 843 1348 Nam
867 1292 900 1348 et
925 1289 1093 1367 quondam,
1119 1310 1190 1351 cum

187 1393 270 1471 apud
297 1394 541 1470 Xenophontem
568 1393 698 1469 legisset
726 1393 845 1471 Cyrum
872 1394 987 1454 ultima
1014 1395 1191 1456 valitudine
1201 1410 1230 1456 10

187 1499 351 1558 mandasse
373 1499 527 1575 quaedam
547 1499 586 1558 de
611 1498 722 1557 funere
744 1517 810 1573 suo,
832 1504 1020 1576 aspernatus
1042 1505 1108 1560 tarn
1129 1501 1191 1560 len-

187 1609 256 1664 tum
271 1603 381 1663 mortis
399 1621 496 1679 genus
515 1603 653 1662 subitam
667 1603 728 1663 sibi
743 1604 937 1681 celeremque
956 1611 1137 1682 optaverat3
1158 1611 1191 1666 et

188 1709 289 1788 pridie
311 1728 406 1786 quarn
426 1708 629 1784 occideretur,
651 1709 684 1767 in
706 1727 848 1768 sermone
870 1715 945 1770 nato
967 1729 1062 1788 super
1083 1730 1191 1772 cenam

188 1816 271 1893 apud
292 1816 440 1874 Marcum·
456 1815 613 1892 Lepidum
634 1813 780 1890 quisnam
804 1820 889 1875 esset
911 1815 984 1874 finis
1006 1816 1092 1876 ritae
1113 1835 1192 1877 com-

188 1919 397 1995 modissimus,
412 1920 614 1997 repentinum
628 1919 890 1998 inopinatumque
904 1922 1108 1999 praetulerat.
1201 1938 1229 1984 ic

135 2023 167 2074 88
226 2024 328 2084 Periit
347 2030 436 2084 sexto
454 2029 487 2084 et
505 2024 788 2101 quinquagensimo
807 2025 922 2085 aetatis
941 2045 1024 2086 anno
1042 2033 1138 2104 atque
1157 2027 1191 2086 in

188 2131 317 2190 deorum
330 2112 496 2190 numerum
506 2131 624 2189 relatus
636 2135 694 2205 est,
705 2149 830 2190 nonore
842 2131 934 2193 modo
945 2131 1190 2209 decernentium,

188 2236 242 2296 sed
263 2241 296 2296 et
317 2235 518 2313 persuasione
539 2235 633 2311 volgi.
678 2235 841 2312 Siquidem
861 2236 944 2295 ludis
970 2256 1049 2314 quos
1072 2238 1190 2316 primos

188 2346 367 2402 consecrato
388 2340 417 2400 ei
441 2340 531 2400 heres
554 2341 716 2417 Augustus
741 2341 854 2401 edebat
879 2341 973 2402 stella
997 2343 1111 2403 crinita
1135 2363 1192 2422 per

188 2451 309 2525 septem
330 2445 494 2506 continuos
515 2445 582 2505 dies
604 2446 706 2520 fulsit,
729 2446 871 2505 exoriens
892 2447 974 2507 circa
993 2448 1230 2510 undecimamno

186 2551 304 2624 horam,
320 2550 536 2627 creditumque
554 2555 602 2610 est
620 2551 758 2610 animam
775 2569 843 2610 esse
863 2551 1005 2611 Caesaris
1020 2552 1053 2610 in
1071 2554 1192 2613 caelum

187 2657 322 2735 recepti3
344 2661 376 2716 et
389 2656 448 2716 hac
462 2657 501 2715 de
516 2674 608 2715 causa
623 2655 789 2715 simulacro
804 2655 870 2715 eius
885 2656 919 2715 in
932 2657 1050 2717 vertice
1063 2658 1192 2718 additur

187 2763 286 2823 stella.

225 2867 353 2928 Curiam
381 2867 500 2944 inqua
524 2866 644 2926 occisus
672 2872 721 2926 est
748 2866 870 2926 obstrui
899 2866 1019 2945 placuit
1051 2869 1191 2946 Idusque

186 2973 318 3034 Martias
347 2971 557 3032 Parricidium
583 2971 740 3031 nominari
766 2991 802 3031 ac
829 2991 869 3031 ne
897 2991 1047 3049 umquam
1075 2993 1111 3034 eo
1139 2974 1229 3035 dieas

186 3083 311 3139 senatus
326 3083 478 3154 ageretur.

127 3190 163 3240 89
224 3185 449 3245 Percussorum
463 3190 570 3244 autem
590 3184 657 3243 fere
676 3202 778 3260 neque
792 3184 928 3244 triennio
942 3185 1111 3262 quisquam
1128 3206 1191 3247 am-

186 3288 269 3367 plius
289 3289 465 3368 supervixit
485 3308 587 3366 neque
606 3307 663 3348 sua
684 3295 785 3347 morte
806 3289 975 3350 defunctus
995 3296 1051 3350 est.
1097 3293 1190 3351 Dam-

185 3394 253 3456 nati
275 3412 382 3454 omnes
404 3394 484 3454 alius
507 3394 570 3454 alio
593 3412 666 3453 casu
688 3393 794 3471 periit,
817 3413 890 3470 pars
914 3396 1091 3472 naufragio,
1116 3417 1189 3475 pars

185 3499 321 3578 proeli03
339 3499 482 3559 nonnulli
497 3503 597 3558 semet
611 3499 720 3558 eodem
733 3498 789 3558 illo
804 3499 939 3577 pugione
950 3519 1012 3577 quo
1023 3502 1189 3563 Caesarem
1198 3517 1226 3563 30

185 3604 380 3666 violaverant
402 3603 636 3664 interemerunt.
