2678 4140
155 212 197 276 58
239 222 268 274 c.
295 222 449 275 sunrom
472 222 698 286 calnomum
721 222 772 277 oa
795 222 886 273 vnn
910 222 1114 275 oxnsnnon

196 397 309 455 Ianum
330 395 494 465 Quirinum
521 395 616 455 semel
637 401 733 472 atque
754 396 870 455 iterum
890 415 909 456 a
930 395 1057 456 condita
1081 396 1158 456 urbe
1180 404 1200 454 a

155 506 228 560 ante
239 500 421 560 memoriam
436 519 524 560 suam
540 501 679 561 clausum
690 501 724 559 in
735 501 834 560 multo
848 501 990 560 breviore
1005 501 1157 578 temporis

156 605 258 683 spatio
273 612 357 665 terra
371 606 512 682 marique
526 625 602 683 pace
617 612 709 683 parta
723 611 771 666 ter
786 606 888 666 clusit.
931 606 986 665 Bis
1002 625 1099 666 ovans
1115 607 1159 664 in-

155 729 280 786 gressus
295 716 344 770 est
358 711 477 785 urbem,
493 717 565 788 post
583 711 789 789 Philippense
803 717 837 772 et
851 730 957 771 rursus
979 717 1052 789 post
1074 711 1159 771 Sicu-

131 817 220 875 olum
241 817 367 876 bellurn.
411 817 535 876 Curulis
561 817 737 894 triumphos
759 817 818 877 tris
840 817 912 893 egit,
934 816 1157 892 Delmaticum,

154 922 328 997 Actiacum,
344 921 603 996 Alexandrinum,
619 923 765 985 continuo
780 922 885 981 triduo
900 941 1014 982 omnes.

195 1028 314 1087 Graves
340 1027 526 1102 ignominias
555 1027 721 1104 cladesque
736 1028 823 1088 :duas
839 1028 974 1087 omnino
999 1047 1056 1087 nec
1080 1028 1158 1088 alibi
1179 1039 1200 1089 2:

154 1152 248 1209 quam
269 1133 302 1190 in
324 1132 493 1211 Germania
512 1133 644 1210 accepit,
663 1133 839 1192 Lollianam
856 1140 889 1192 et
907 1133 1086 1208 Varianam,
1102 1134 1157 1193 sed

154 1238 331 1298 Lollianam
352 1238 478 1297 maioris
501 1238 651 1298 infamiae
665 1257 760 1315 quam
779 1238 971 1313 detrimenti,
986 1239 1157 1299 Varianam

116 1359 144 1404 10
154 1362 252 1420 paene
273 1343 467 1403 exitiabilem
489 1343 589 1402 tribus
611 1343 785 1419 legionibus
802 1363 872 1403 cum
886 1344 964 1403 duce
981 1344 1157 1421 legatisque

154 1454 187 1509 et
206 1449 333 1509 auxiliis
355 1449 499 1507 omnibus
522 1449 628 1508 caesis.
672 1451 742 1508 Hac
765 1449 911 1509 nuntiata
932 1449 1078 1509 excubias
1101 1469 1157 1527 per

153 1554 262 1614 urbem
281 1554 399 1613 indixit
417 1574 456 1613 ne
476 1555 546 1631 quis
562 1554 717 1614 tumultus
737 1555 897 1630 existeret,
912 1560 944 1614 et
959 1554 1157 1632 praesidibus

153 1659 387 1736 provinciarum
411 1660 599 1736 propagavit
623 1659 792 1736 imperium
815 1664 852 1718 ut
876 1679 895 1719 a
919 1659 1031 1737 peritis
1056 1664 1089 1719 et
1112 1679 1158 1719 as·

154 1765 251 1824 suetis
274 1764 351 1824 socii
373 1764 615 1823 continerentur.
658 1764 756 1823 Vovit
775 1769 807 1824 et
824 1783 952 1840 magnos
973 1764 1065 1824 ludos
1087 1765 1180 1824 Iovia

88 1874 91 1879 ’
116 1884 145 1928 15
154 1869 282 1946 Optimo
303 1869 453 1943 Maximo,
470 1870 496 1928 si
512 1888 560 1928 res
576 1890 605 1946 p.
621 1869 654 1927 in
669 1868 830 1929 meliorem
851 1874 970 1929 statum
991 1871 1156 1931 vertisset:

154 1974 237 2052 quod
265 1974 386 2033 iactum
414 1974 570 2033 Cimbrico
598 1975 796 2051 Marsicoque
825 1973 909 2034 bello
936 1980 1012 2034 erat.
1069 1975 1157 2035 Adeo

154 2080 288 2156 denique
314 2084 549 2139 consternatum
574 2079 682 2138 ierunt
706 2086 742 2139 ut
767 2098 823 2157 per
846 2079 1009 2139 continuos
1035 2099 1157 2140 menses

153 2184 249 2244 barba
271 2185 447 2262 capilloque
470 2185 636 2244 summisso
658 2191 753 2262 caput
775 2185 934 2244 interdum
955 2185 1077 2245 foribus
1099 2186 1158 2245 illi-

153 2290 242 2350 deret
263 2290 456 2349 vociferans:
479 2290 662 2359 Quintili
682 2292 794 2366 Vare,
810 2291 996 2366 legiones
1017 2291 1157 2351 redde!

115 2395 298 2471 aodiemque
314 2395 412 2454 cladis
427 2395 595 2470 quotannis
611 2401 766 2454 maestum
780 2395 925 2455 habuerit
935 2414 972 2454 ac
982 2395 1156 2471 lugubrem.

194 2502 233 2559 In
249 2519 282 2559 re
296 2500 428 2559 militari
450 2506 481 2559 et
503 2501 708 2559 commutavit
730 2501 830 2560 multa
849 2507 881 2560 et
900 2501 1041 2561 instituit
1063 2507 1158 2578 atque
1179 2509 1200 2559 p

154 2606 250 2665 etiarn
264 2605 304 2664 ad
318 2605 485 2681 antiquum
500 2624 619 2664 morem
633 2606 784 2665 nonnulla
802 2607 969 2665 revocavit.
1010 2606 1159 2684 Discipli-

153 2730 226 2770 nam
246 2711 443 2769 severissime
465 2711 556 2769 rexit.
599 2712 649 2769 Ne
663 2710 838 2786 legatorum
852 2711 980 2787 quidem
1002 2711 1157 2789 cuiquam,

153 2816 216 2875 nisi
230 2821 358 2891 gravate
378 2816 579 2891 hibernisque
599 2817 724 2874 demum
744 2816 911 2891 mensibus,
927 2817 1073 2894 permisit
1086 2837 1159 2876 uxo

116 2938 144 2981 25
154 2940 219 2980 rem
230 2921 424 2980 intervisere.
454 2921 603 2997 Equitem
612 2923 661 2995 R,
671 2921 755 2997 quod
764 2921 885 2980 duobus
894 2921 969 2981 filiis
980 2922 1159 2983 adulescen-

154 3026 238 3086 tibus
261 3046 353 3086 causa
374 3026 571 3085 detrectandi
593 3028 780 3086 sacramenti
801 3027 930 3104 pollices
952 3034 1157 3105 amputasset,

154 3131 259 3208 ipsum
282 3131 426 3207 bonaque
448 3131 581 3191 subiecit
601 3132 729 3207 hastae3
758 3153 851 3210 quem
872 3138 987 3207 tamen,
1009 3134 1093 3210 quod
1115 3134 1159 3192 in-

154 3236 271 3295 minere
292 3237 445 3313 emptioni
464 3238 647 3315 publicanos
671 3239 807 3314 videbat,
826 3239 940 3298 liberto
959 3258 1015 3299 suo
1033 3238 1158 3299 addixit

153 3346 190 3401 ut
204 3341 377 3418 relegatum
392 3343 425 3401 in
439 3363 530 3419 agros
550 3364 607 3422 pro
622 3344 720 3404 libero
740 3364 807 3404 esse
829 3346 952 3404 sineret.
994 3345 1181 3406 Decimama

114 3446 307 3523 aulegionem
338 3450 550 3510 contumacius
579 3456 741 3527 parentem
767 3470 837 3510 cum
862 3452 1033 3527 ignominia
1057 3457 1158 3512 totam

153 3553 284 3629 dimisit,
314 3556 392 3614 item
420 3556 497 3615 alias
529 3556 715 3615 immodeste
746 3556 927 3616 missionem
960 3557 1157 3634 postulantes

153 3659 233 3720 citra
265 3660 425 3720 commoda
456 3661 657 3720 emeritorum
689 3661 897 3738 praemiorum
932 3663 1156 3724 exauctoravit.
