2678 4140
434 263 585 316 menon
607 265 685 314 nnn
709 264 823 315 srrnn
1108 253 1196 317 xlix-

114 437 216 488 Unus.
238 474 244 488 .
265 475 272 487 .
293 438 386 489 omnia
400 439 430 487 in
444 452 472 488 re
486 439 598 500 publica
616 475 622 487 .
644 474 650 487 .
672 474 678 487 .
699 437 911 498 administrauit,
924 437 982 488 Jul.
997 438 1063 488 aar
1075 436 1115 500 n,
1129 450 1174 487 ex-

64 519 176 582 plained
187 520 225 583 by
237 520 283 570 the
295 526 436 572 sentences
446 520 585 585 following
596 521 711 570 without
723 534 778 582 any
790 520 955 570 eonnective.

108 685 154 765 (3)
179 652 316 760 Thouglr
328 686 383 746 the
398 686 641 764 conjunctionis
656 685 800 762 omitted,
815 703 835 745 a
849 684 926 745 kind
941 685 976 744 of
991 684 1174 745 connection

65 781 93 841 is
109 783 291 842 sometimes
307 783 439 843 affected
449 783 523 862 bya
537 784 623 843 word
637 789 671 844 at
686 784 740 844 the
754 782 927 860 beginning
937 783 972 842 of
984 802 1004 842 a
1018 787 1173 857 sentence,

65 880 240 959 especially
253 899 273 940 a
287 881 374 940 word
388 880 537 959 repeated
551 881 635 940 from
650 881 704 941 the
719 881 889 959 preceding
904 886 1069 940 sentence:

106 1012 199 1062 Adicit
217 1013 260 1063 llis
277 1013 406 1075 Aquilius
424 1012 520 1075 Niger,
533 1013 604 1075 Aug.
621 1015 650 1063 11
664 1031 669 1075 ;
689 1013 804 1064 Publica
822 1026 904 1074 opera
916 1013 1041 1074 plurima
1058 1011 1175 1061 eatruait

65 1130 72 1142 .
93 1130 100 1142 .
121 1095 240 1154 .sorum
260 1109 320 1145 cum
341 1096 404 1146 sede
424 1096 524 1146 Martis
553 1097 664 1157 Ultoris,
686 1097 813 1157 templum
832 1133 838 1145 .
859 1132 865 1144 .
887 1132 893 1145 .
914 1096 1004 1145 aedem
1023 1131 1029 1144 .
1051 1131 1057 1144 .
1078 1130 1084 1144 .
1107 1093 1174 1144 Furi

64 1179 206 1227 eatruerrdi
229 1192 312 1228 causa
333 1214 339 1228 .
364 1215 370 1227 .
394 1215 401 1228 .
423 1178 523 1229 Aedem
547 1180 647 1228 Martis
672 1216 678 1228 .
705 1216 711 1228 .
739 1215 745 1229 .
776 1179 914 1240 Templum
936 1178 1075 1239 Apollinis
1098 1213 1105 1226 .
1132 1213 1139 1226 .
1162 1212 1169 1227 .

70 1259 190 1311 Tonanti
201 1261 261 1312 Iovi
273 1262 364 1312 aedem
383 1298 388 1310 .
410 1298 416 1310 .
438 1298 455 1323 .,
475 1261 546 1322 Aup.
561 1264 602 1311 29.
614 1262 669 1311 1-3.

81 1398 109 1457 s
107 1425 154 1505 (4)
178 1424 387 1485 Adversative
408 1426 585 1503 asyndeton
606 1426 633 1484 is
655 1425 812 1502 frequent,
829 1421 907 1484 both
928 1424 963 1483 of
983 1423 1085 1484 words
1106 1423 1170 1484 and

64 1521 100 1581 of
115 1526 297 1582 sentences:
468 1540 471 1551 ·

107 1653 230 1703 Priore.
252 1689 258 1702 .
280 1689 286 1702 .
308 1654 438 1715 sequenti,
456 1654 529 1714 Aug.
552 1654 635 1713 10.4;
657 1653 709 1702 Sed
729 1653 809 1702 Gallo
831 1690 837 1702 .
862 1690 868 1703 .
893 1690 899 1702 .
923 1654 1014 1703 irasci.
1064 1653 1176 1715 Reliqui

66 1736 194 1798 potentia
211 1772 218 1785 .
240 1772 246 1785 .
268 1772 274 1785 .
289 1735 452 1797 domuerunt,
465 1735 536 1796 Aac.
551 1737 592 1785 66.
602 1738 618 1784 2
629 1735 650 1784 t.

107 1881 154 1962 (5)
178 1881 366 1960 Asyndeton
387 1882 414 1941 is
436 1881 643 1959 particularly
658 1881 807 1958 frequent
827 1881 861 1940 in
880 1881 1035 1941 members
1053 1881 1088 1941 of
1109 1900 1176 1942 sen-

65 1984 184 2054 tences,
199 1978 370 2056 especially
384 1978 418 2037 in
432 1978 680 2038 enumeratione:

113 2110 209 2159 Fuisse
226 2110 343 2159 traditur
357 2110 460 2159 eccelsa
474 2113 591 2170 statura,
605 2110 693 2159 colore
705 2110 829 2170 candido,
843 2110 969 2159 teretibus
980 2111 1115 2170 membris,
1129 2123 1175 2160 ore

68 2194 156 2254 paulo
172 2193 305 2254 pleniore,
319 2194 406 2253 nipris
424 2194 572 2255 uegetisque
591 2193 685 2252 oeulis,
699 2193 848 2242 ualitudine
859 2206 1001 2254 prospera,
1014 2193 1072 2243 Jul.
1087 2193 1173 2255 45.1;
1251 2194 1253 2198 '

66 2289 138 2338 penu
156 2277 236 2325 nisus
254 2276 355 2325 deusta
373 2276 406 2324 ab
425 2276 525 2325 umeris
543 2278 606 2336 toga
624 2276 696 2324 nudo
710 2278 827 2336 pectore,
845 2274 916 2336 Aup.
937 2269 987 2337 523
1012 2276 1092 2326 Bella
1110 2312 1116 2324 .
1137 2311 1144 2324 .
1164 2311 1171 2324 .

66 2360 166 2419 pessit:
185 2359 349 2419 Mutinense,
363 2358 546 2419 Philippense,
560 2357 734 2418 Penrsinum,
748 2358 879 2418 Sunium,
888 2357 1040 2418 Actiacum,
1053 2358 1124 2418 Aup.
1139 2358 1155 2408 9
1167 2375 1173 2419 ;

64 2441 251 2492 Meminerant
278 2477 284 2491 .
311 2476 317 2490 .
344 2477 351 2490 .
376 2441 505 2491 Geminus
526 2442 555 2490 in
578 2441 704 2501 historia,
727 2477 733 2489 .
758 2477 764 2489 .
789 2477 795 2489 .
821 2440 936 2491 Bibulus
959 2442 989 2490 in
1012 2441 1114 2502 edictis,
1142 2439 1171 2490 Ο.

10 2504 15 2527 '
70 2523 154 2574 Curio
163 2525 287 2584 paterin
300 2524 479 2584 orationibus,
493 2524 550 2572 Jul.
565 2525 625 2572 ur.
1232 2502 1234 2507 ¹

105 2688 132 2747 q.
161 2668 402 2748 Polysyndeton
416 2668 443 2728 is
458 2687 544 2728 rare:

107 2804 133 2850 et
144 2801 294 2862 spectaculo
314 2836 320 2849 .
342 2836 347 2849 .
369 2836 375 2849 .
396 2800 521 2860 interfuit
532 2800 684 2860 etsorrnam
703 2835 709 2848 .
730 2836 737 2849 .
758 2835 764 2849 .
785 2799 963 2850 commarcuit
976 2802 1002 2849 et
1019 2812 1049 2848 ea
1066 2812 1174 2849 eonsue-

65 2885 159 2933 tudine
176 2920 183 2932 .
204 2920 211 2933 .
234 2919 240 2932 .
259 2883 339 2942 dedit,
350 2882 410 2932 Jul.
419 2883 461 2932 31.
473 2884 486 2931 1
500 2900 505 2943 ;
525 2883 691 2943 splendidam
703 2895 806 2944 quoque
818 2885 897 2944 atque
908 2883 990 2931 etiam
1002 2881 1173 2943 mapnideam

65 2970 91 3016 et
108 2965 347 3027 generosamdul.
362 2965 404 3015 55.
418 2967 449 3027 1;
463 2966 586 3026 plurima
604 2968 629 3015 et
639 2965 901 3025 somnidulosissima
918 2968 944 3014 et
960 2978 1032 3014 uana
1049 2968 1074 3014 et
1092 2965 1173 3014 irrita

66 3049 180 3109 ridebat,
193 3047 264 3109 Aup.
278 3049 321 3098 91.
335 3050 359 3097 1.

105 3197 133 3254 Ιι.
164 3194 331 3256 Chiasmus
346 3194 436 3255 often
450 3214 556 3256 occurs
572 3196 605 3254 in
622 3195 677 3256 the
694 3200 914 3271 arrangement
934 3194 969 3254 of
990 3199 1079 3273 parts
1100 3194 1135 3254 oi
1154 3212 1174 3253 a

65 3298 223 3368 sentence,
239 3292 344 3370 rarely
358 3292 392 3351 in
406 3292 461 3353 the
476 3311 545 3353 case
559 3293 594 3353 of
607 3293 708 3353 entire
722 3297 902 3352 sentences:

107 3425 269 3476 detrectante
287 3426 498 3476 dominationem
518 3428 596 3487 atque
615 3427 760 3474 assertores
772 3424 1055 3485 partienweise.
1069 3426 1081 3473 1
1095 3441 1101 3485 ;
1123 3422 1174 3473 Sed

65 3508 131 3558 daeo
143 3510 212 3571 alii;
232 3510 287 3570 ipse
299 3508 440 3570 Augustus
452 3508 522 3558 nillil
541 3544 547 3557 .
568 3544 574 3557 .
599 3543 604 3556 .
623 3508 724 3568 scribit,
737 3506 808 3567 Aup.
823 3509 847 3556 2.
861 3507 981 3569 33fusis
999 3507 1173 3557 annamentis

65 3594 92 3641 et
103 3591 286 3653 gubernaculo
304 3590 437 3652 diffracto,
450 3590 521 3651 Aup.
538 3590 576 3640 17.
591 3591 607 3640 3
619 3608 624 3651 ;
643 3593 823 3640 assurrectum
837 3590 870 3640 ab
882 3591 1014 3640 uniuersis
1028 3591 1058 3639 in
1069 3590 1173 3639 theatro

65 3677 92 3723 et
103 3688 121 3724 a
131 3674 268 3724 stantibus
276 3675 416 3736 plausum,
429 3674 500 3734 Aur.
516 3674 556 3723 56.
571 3675 595 3722 2.
634 3672 754 3734 striking
766 3672 788 3720 is
799 3672 845 3721 the
858 3672 968 3722 chiastic
986 3675 1174 3735 arrangement

64 3756 94 3806 in
105 3756 179 3820 pairs
190 3757 219 3806 in
231 3757 288 3807 Jul.
303 3758 343 3806 45.
360 3758 382 3817 1,
397 3755 497 3818 quoted
511 3755 596 3805 under
602 3754 689 3822 f.(5),
704 3755 799 3804 above.
