2678 4140
149 250 192 315 18
232 263 263 314 c.
287 262 445 314 marom
466 264 696 326 russonum
718 264 769 313 nn
791 263 882 314 vrrs
902 263 1107 315 muamus

191 434 278 495 Hinc
291 435 368 495 urbe
385 438 521 513 repetita
541 438 574 494 in
596 437 813 495 llaeedoniam
834 448 1049 512 transgressus
1062 439 1152 498 Pom·
1171 451 1198 501 31

151 541 268 619 peiurn
292 559 349 618 per
372 552 523 617 quattuor
547 561 645 618 paene
670 561 793 600 menses
816 543 962 601 maximis
989 543 1152 603 obsessum

150 647 308 726 operibus,
318 647 360 707 ad
374 656 549 706 extremum
561 648 744 707 Pharsalico
756 649 877 726 proelio
889 650 975 708 fudit
985 660 1019 709 et
1032 652 1152 726 fugien-

151 764 216 814 tem
242 755 467 814 Alexandriam
492 768 685 832 persecutus
709 768 747 815 nt
770 757 908 814 misum
933 757 1151 833 deprehendit,

127 877 222 923 ocum
246 860 428 919 Ptolemaeo
450 880 532 936 rege,
555 880 574 920 a
598 881 661 938 quo
682 862 744 920 sihi
763 881 887 938 qnoque
907 862 1039 920 insidias
1064 862 1152 921 tendi

152 966 289 1040 videbat,
316 966 435 1025 bellum
466 986 541 1025 sane
571 967 792 1025 difficillimum
822 968 922 1042 gessit
953 986 1055 1043 neque
1085 967 1153 1026 loco

152 1091 253 1149 neque
274 1082 416 1149 tempore
435 1091 545 1148 aequo,
567 1073 622 1130 sed
644 1073 747 1131 hieme
767 1073 843 1132 anni
864 1084 897 1131 et
924 1072 1010 1131 intra
1031 1073 1154 1131 moenia

152 1177 361 1255 copiosissimi
381 1197 418 1237 ac
440 1178 652 1236 sollertissimi
679 1179 789 1251 hostis,
809 1178 902 1254 inops
923 1178 992 1254 ipse
1013 1177 1153 1236 omnium

153 1301 257 1342 rernm
276 1290 373 1360 atquc
395 1284 567 1360 inparatus,
615 1285 759 1358 Regnum
784 1283 924 1360 Aegypti
944 1283 1047 1341 victor
1069 1283 1154 1342 Cleo

114 1394 263 1465 lopatnae
286 1388 441 1464 fratrique
469 1390 536 1446 cius
566 1390 679 1446 minori
708 1389 861 1464 permisit,
882 1388 1003 1446 veritus
1031 1388 1155 1464 provin·

153 1493 233 1552 ciam
252 1493 356 1552 facere
370 1513 410 1552 ne
423 1494 611 1569 quandoque
632 1494 850 1551 violentiorem
867 1493 1043 1568 praesidem
1063 1499 1154 1551 nacta

153 1617 304 1657 novarum
327 1618 431 1657 rerum
456 1600 588 1657 materia
612 1610 705 1656 esset.
756 1598 807 1655 Ab
830 1597 1022 1655 Alexandria
1044 1597 1078 1654 in
1101 1598 1176 1674 Sy·2

154 1703 233 1762 riam
253 1710 287 1762 et
311 1704 383 1762 inde
408 1704 546 1762 Pontum
569 1705 697 1762 transiit
719 1703 904 1778 urgentibus
926 1703 966 1760 de
993 1702 1154 1761 Pharnace

154 1810 284 1883 nuntiis,
305 1828 399 1886 quem
428 1810 626 1868 Mithridatis
655 1810 764 1884 llagni
788 1809 889 1866 filium
911 1827 949 1867 ac
973 1816 1050 1866 tunc
1073 1827 1156 1866 occa

116 1914 241 1976 lesione
266 1921 443 1991 temporum
466 1915 637 1973 bellantem
661 1916 786 1990 iamque
812 1913 982 1991 multiplici
1010 1932 1155 1972 successu

155 2020 367 2096 praeferocem
392 2021 476 2078 intra
497 2021 644 2096 quintum
666 2040 760 2096 quam
784 2020 932 2078 adfuerat
952 2019 1047 2092 diem,
1069 2025 1156 2095 quat

155 2132 226 2183 tuor
247 2125 361 2201 quihus
386 2125 419 2182 111
443 2135 644 2201 conspectum
668 2126 756 2183 venit
780 2125 865 2182 horis
890 2143 953 2182 una
975 2123 1155 2200 profligavit

153 2230 236 2303 acie3
280 2230 388 2288 crebro
424 2249 668 2288 commemorans
708 2230 839 2305 Pompei
877 2230 1074 2302 felicitatem,
1107 2229 1155 2288 cui

155 2336 322 2412 praecipua
346 2335 477 2393 militiae
503 2335 571 2393 laus
594 2336 633 2393 de
659 2346 724 2393 tam
749 2335 858 2392 inbelli
880 2352 993 2408 genere
1016 2333 1155 2392 hostium

114 2440 346 2516 aumntigisset.
416 2441 539 2498 Dehinc
577 2440 754 2516 Scipionem
788 2458 825 2497 ac
860 2439 971 2496 Iubam
1006 2438 1155 2514 reliquias

155 2546 292 2621 partium
322 2545 354 2603 in
386 2545 497 2603 Afriia
524 2545 697 2602 refoventis
728 2543 856 2616 deiicit,
880 2543 1012 2618 Pompei
1041 2541 1155 2601 liberos

154 2650 187 2708 in
209 2651 373 2728 Hispania.

195 2755 347 2814 Omnibus
370 2756 515 2815 civilibus
537 2755 628 2813 bellis
650 2755 770 2813 nullam
790 2754 910 2812 cladem
930 2754 992 2811 nisi
1007 2773 1064 2830 per
1078 2754 1157 2829 lega·
1177 2765 1198 2813 31

155 2865 203 2919 tos
219 2880 290 2919 suos
307 2880 417 2937 passus
437 2868 640 2936 cst,quorum
662 2861 695 2919 C.
712 2860 807 2919 Curio
819 2860 852 2917 in
867 2859 978 2917 Africa
999 2859 1104 2935 periit,
1122 2859 1155 2917 C.

115 2965 312 3028 abdritonius
334 2967 366 3023 in
389 2965 519 3042 Illyrico
541 2966 574 3023 in
595 2965 845 3023 adversariorum
869 2963 998 3023 devenit
1022 2969 1157 3040 potesta

154 3076 228 3143 tem,
244 3072 278 3128 P.
299 3070 463 3129 Dolabella
485 3070 615 3129 classem
638 3070 670 3127 in
692 3071 800 3128 eodem
822 3069 962 3145 illyrico,
981 3068 1036 3127 Cn.
1052 3068 1157 3127 Domi-

155 3175 217 3234 tius
253 3176 402 3235 Calvinus
439 3176 472 3232 111
507 3177 609 3233 Ρο111ο
636 3176 809 3233 exercitum
843 3174 1025 3232 amiserunt.
1082 3175 1156 3251 Ipse

155 3281 364 3358 prosperrime
379 3300 502 3358 semper
521 3300 558 3339 ac
578 3299 617 3338 ne
638 3280 770 3357 ancipiti
790 3280 918 3355 quidem
931 3297 1083 3354 umquam
1096 3279 1157 3338 for-

154 3393 231 3446 tuna
253 3393 472 3463 praeterquam
491 3386 539 3444 bis
559 3384 740 3443 dimicavit:
764 3385 858 3443 semel
876 3385 916 3443 ad
933 3384 1155 3461 Dyrrachium,

116 3491 207 3555 :subi
230 3493 338 3568 pulsus
360 3511 423 3549 non
444 3492 582 3550 instante
607 3490 759 3566 Pompeio
783 3489 910 3564 negavit
934 3508 1005 3548 eum
1030 3489 1156 3549 vincere

154 3596 242 3670 scire,
259 3596 373 3656 iterum
388 3596 421 3653 in
441 3596 599 3672 Hispania
618 3594 731 3653 ultimo
746 3594 874 3671 proelio,
890 3613 961 3652 cum
979 3595 1155 3672 desperatis

154 3701 245 3760 rebus
260 3701 356 3760 etiam
370 3701 409 3759 de
424 3700 643 3759 consciscenda
657 3718 731 3758 nece
746 3699 905 3774 cogitavit.
