2678 4140
202 167 207 197 l

368 234 540 284 amiran.
576 234 689 285 n1st
712 234 904 286 AUGUSTUS
1099 224 1140 287 69

143 425 196 484 que
217 407 360 484 equitum
381 407 534 467 rationem
549 407 632 467 vitae
655 407 783 467 reddere
806 408 907 485 coegit
925 413 1021 486 atque
1038 408 1071 468 in
1090 427 1140 468 ex-

142 512 291 589 probratis
309 513 398 582 ,alios
426 532 536 591 poena,
563 512 642 573 alios
671 513 843 588 ignominia
870 513 1003 588 notavit,
1031 514 1138 591 plures

140 618 356 693 admonitione,
372 618 426 678 sed
441 619 536 678 varia.
578 618 788 678 Leuissimum
803 638 900 694 genus
915 619 1138 679 admonitionis

140 723 198 783 fuit
225 723 355 783 traditio
383 743 486 784 coram
511 724 724 801 pugillarium,
746 742 824 801 quos
849 723 940 784 taciti
964 730 997 784 at
1020 723 1138 784 ibidem

141 829 244 888 statim
264 829 423 905 legerent;
458 830 643 906 notavitque
664 829 787 906 aliquos
816 830 900 906 quod
928 829 1076 908 pecunias
1098 830 1162 890 les

140 934 273 994 rioribus
288 935 392 993 usuris
407 935 543 994 mutuati
557 935 700 1010 graviore
714 935 841 994 faenore
856 935 1070 995 collocassent.

10 1029 109 1088 ko
174 1040 220 1100 Ac
235 1040 371 1100 comitiis
386 1040 563 1100 tribuniciis
579 1041 606 1100 si
620 1041 766 1100 deessent
788 1040 947 1101 candidati
969 1046 1138 1117 senatores,

140 1129 173 1204 ex
187 1145 347 1223 equitibus
362 1147 399 1205 R.
416 1146 543 1221 creavit,
557 1145 603 1206 ita
616 1152 652 1205 ut
667 1151 823 1223 potestate
844 1151 1003 1206 transacta
1020 1146 1053 1204 in
1066 1151 1139 1205 utro

139 1251 253 1310 vellent
267 1251 377 1310 ordine
391 1256 561 1310 manerent.
592 1250 683 1310 ,Cum
703 1257 809 1311 autem
831 1250 974 1327 plerique
996 1250 1138 1328 equitum

139 1356 246 1416 attrito
265 1355 358 1415 bellis
375 1356 520 1415 civilibus
538 1355 727 1433 patrimonio
747 1361 888 1433 spectare
909 1355 1000 1414 ludos
1018 1375 1034 1414 e
1052 1361 1140 1432 quat
1148 1366 1178 1427 ιο

139 1461 309 1521 tuordeoim
322 1481 385 1519 non
399 1462 551 1521 auderent
568 1467 654 1520 metu
675 1480 792 1538 poenae
814 1460 989 1536 theatralis,
1005 1480 1140 1538 pronun·
1171 1450 1173 1455 ⁵

139 1566 227 1627 tiavit
248 1585 312 1625 non
332 1566 432 1625 teneri
453 1585 490 1626 ea
512 1565 625 1643 quibus
648 1565 727 1644 ipsis
748 1565 972 1642 parentibusue
993 1571 1140 1642 equester

139 1691 245 1731 census
259 1691 409 1748 umquam
423 1670 544 1732 fuisset.

120 1785 132 1828 2
174 1778 291 1855 Populi
318 1796 479 1837 recensum
506 1778 636 1838 vicatim
664 1778 795 1854 agitas
822 1797 861 1837 ne
889 1777 978 1855 plebs
1004 1778 1141 1837 frumen-

139 1883 291 1943 tationum
313 1902 406 1943 causa
426 1883 624 1960 frequentius
645 1883 686 1943 ab
706 1883 841 1959 negotiis
870 1887 1063 1957 avocaretur,
1091 1887 1178 1942 terro

139 1987 170 2046 in
182 2007 300 2048 annum
316 1994 504 2065 quaternum
521 1988 676 2047 mensium
698 1993 832 2047 tesseras
854 1988 928 2047 dare
949 1987 1139 2062 destinavit3
1217 1992 1261 2050 ts

140 2093 191 2152 sed
205 2093 399 2153 desideranti
416 2093 672 2153 consuetudinem
686 2098 826 2152 veterem
848 2093 1001 2152 concessit
1022 2111 1139 2167 rursus,

138 2203 172 2258 ut
193 2199 242 2279 sui
263 2199 413 2276 cuiusque
435 2199 551 2258 mensis
575 2197 740 2276 acciperet.
783 2197 990 2257 Comitiorum
1017 2216 1141 2275 quoque

139 2303 307 2381 pristinum
328 2304 376 2362 ius
399 2303 525 2363 reduxit
545 2322 581 2362 ac
603 2303 773 2380 multiplici
798 2321 898 2380 poena
925 2303 1059 2362 coercito
1079 2321 1142 2362 am-

138 2408 214 2484 bitu,
229 2409 378 2469 Fabianis
392 2415 425 2468 et
439 2408 676 2486 Scaptiensibus
691 2407 861 2467 tribulibus
877 2407 941 2466 suis
956 2408 1008 2467 die
1023 2407 1180 2467 comiti-ao

139 2533 234 2590 orum,
248 2533 288 2574 ne
302 2515 379 2591 quid
393 2533 412 2574 a
426 2533 583 2591 quoquam
598 2513 765 2574 candidato
778 2512 1001 2587 desiderarent,
1018 2512 1141 2588 singula

139 2620 225 2680 milia
238 2638 402 2679 nummum
415 2639 434 2679 a
449 2639 482 2678 se
495 2619 666 2679 dividebat.

118 2739 132 2784 s
175 2725 285 2803 Magni
306 2730 468 2804 praeterea
489 2725 673 2785 existimans
695 2725 851 2785 sincerum
878 2731 973 2803 atque
993 2723 1034 2784 ab
1054 2724 1140 2783 omni

140 2831 312 2890 colluvione
333 2830 491 2909 peregrini
517 2850 554 2890 ac
582 2830 706 2890 servilis
734 2830 895 2906 sanguinis
924 2831 1139 2907 incorruptum

140 2955 261 2997 servare
276 2937 437 3014 populum,
453 2942 485 2996 et
504 2936 651 2996 'civitates
673 2937 831 2995 Romanas
852 2935 1034 3012 parcissime
1051 2933 1140 2993 dedit
1148 2946 1177 2990 ‘rs

140 3048 170 3102 et
183 3041 426 3103 manumittendi
440 3042 568 3100 modum
581 3041 772 3101 terminavit.
815 3040 940 3099 Tiberio
955 3059 1012 3117 pro
1026 3039 1140 3099 cliente

139 3147 257 3208 Graeco
278 3147 399 3225 petenti
426 3146 588 3224 rescripsit
608 3166 671 3205 non
697 3145 791 3206 aliter
817 3164 850 3204 se
877 3146 1024 3205 daturum
1045 3164 1140 3222 quam

139 3252 166 3312 si
181 3271 328 3330 praesens
346 3252 406 3312 sibi
423 3251 632 3330 persuasisset
648 3241 743 3329 quam
764 3251 863 3310 iustas
885 3250 1014 3328 petendi
1031 3269 1139 3310 causas

138 3357 283 3434 haberet;
304 3364 336 3419 et
352 3358 462 3418 Liviae
483 3377 540 3435 pro
562 3358 698 3435 quodam
718 3356 885 3417 tributario
903 3356 995 3415 Gallo
1017 3356 1140 3431 roganti

139 3464 299 3525 civitatem
311 3464 448 3541 negavit,
460 3463 692 3523 immunitatem
706 3463 832 3540 optulit,
841 3461 1000 3522 affirmans
1014 3460 1179 3521 faciliusne

139 3588 171 3629 se
198 3589 364 3648 passurum
390 3569 466 3628 fisco
492 3569 617 3628 detrahi
644 3567 766 3645 aliquid
791 3587 886 3644 quam
914 3566 1053 3626 civitatis
1082 3567 1141 3625 Ro

116 3693 247 3738 lmanae
268 3673 392 3751 vulgari
412 3674 570 3733 honorem.
614 3673 726 3733 Servos
747 3691 810 3731 non
837 3666 1002 3732 contentus
1031 3671 1140 3731 multis
