2678 4140
195 109 214 171 2
257 117 287 169 c.
311 117 468 169 sunroru
490 96 717 180 rnauouinm
742 119 791 168 nn
815 117 905 168 vrra
929 116 1133 169 cassanum

192 290 272 366 bus,
303 311 398 369 quas
434 312 562 354 secum
597 292 714 352 simul
749 293 1039 366 defendissent,
1073 290 1197 351 exitio

163 397 165 401 ’
194 395 387 468 futurum3
416 413 501 453 nam
523 394 683 454 Caesari
704 393 849 454 multos
878 395 1025 455 Marios
1056 396 1195 456 inesse.

235 499 400 576 Stipendia
414 499 516 576 prima
530 499 563 558 in
578 499 655 560 Asia
674 500 751 559 fecit
769 500 870 559 Marci
891 500 1020 560 Thermi
1041 501 1196 578 praetoris
1220 507 1237 559 2

194 605 414 681 contuberni03
443 624 544 682 aquo
571 606 611 664 ad
632 606 850 665 accersendam
879 605 1010 665 classem
1031 606 1064 665 in
1087 607 1197 685 Bithy·

169 713 278 773 oniam
300 713 413 772 missus
434 713 557 774 desedit
577 713 662 790 apud
682 713 885 788 Nicomeden,
900 733 962 772 non
984 714 1051 773 sine
1072 733 1196 774 rumore

194 823 370 895 prostratae
391 819 457 894 regi
485 818 674 895 pudicitiae3
703 838 796 896 quem
817 837 973 878 rumorem
992 819 1091 883 ¹aurit
1111 819 1197 899 intra

193 942 308 1002 paucos
336 942 444 982 rursus
471 923 538 982 dies
561 924 696 1000 repetita
724 924 877 1002 Bithynia
904 943 960 1002 per
981 943 1107 984 causam
1135 925 1196 984 exi-

192 1029 311 1105 gendae
331 1029 481 1106 pecuniae
500 1048 579 1106 quae
597 1029 763 1089 deberetur
781 1030 904 1089 cuidam
923 1029 1072 1090 libertino
1087 1029 1195 1090 clienti

193 1153 258 1194 suc.
301 1134 437 1212 Reliqua
458 1133 573 1195 militia
595 1134 777 1194 secundiore
798 1135 884 1194 fama
903 1135 966 1195 fuit
980 1141 1012 1195 et
1026 1155 1045 1194 a
1059 1134 1195 1195 Thermo

155 1250 184 1296 10
192 1239 226 1297 in
247 1239 477 1317 expugnatione
499 1240 726 1317 Mytilenarum
748 1259 860 1299 corona
875 1241 973 1300 civica
987 1241 1121 1300 donatus
1136 1245 1193 1300 est.

232 1345 351 1404 Meruit
362 1350 394 1404 et
405 1345 463 1404 sub
475 1345 608 1404 Servilio
619 1345 759 1404 Isaurico
773 1345 807 1402 in
818 1344 938 1420 Cilicia,
954 1345 1008 1404 sed
1019 1345 1109 1405 brevi
1119 1350 1195 1405 tem·
1218 1356 1234 1406 3

192 1469 275 1527 pore.
317 1451 401 1510 Nam
416 1450 521 1510 Sullae
536 1456 636 1509 morte
652 1455 820 1527 comperta,
836 1450 929 1509 simul
945 1469 1000 1527 spe
1020 1469 1120 1510 novae
1134 1450 1195 1509 dis-

193 1554 355 1630 sensionis,
367 1575 447 1631 quae
461 1574 518 1632 per
531 1557 673 1614 Marcum
685 1556 842 1632 Lepidum
857 1555 1048 1630 movebatur,
1061 1557 1194 1615 Romam

192 1679 323 1738 propere
345 1660 435 1720 redit.
478 1662 520 1720 Et
541 1661 654 1738 Lepidi
676 1661 804 1737 quidem
826 1661 984 1735 societate,
1004 1680 1194 1738 quamquam
1216 1725 1218 1732 ,

153 1780 181 1825 15
192 1766 313 1842 magnis
329 1766 561 1825 condicionibus
583 1766 782 1841 invitaretur,
797 1766 961 1841 abstinuit,
977 1785 1047 1825 cum
1069 1766 1194 1842 ingenio

191 1869 258 1931 eius
292 1870 412 1930 diffisus
440 1877 509 1930 tum
537 1871 706 1946 occasione,
735 1890 830 1948 quam
863 1871 1016 1930 minorem
1048 1870 1194 1948 opinione

142 1979 156 2006 ²
191 1976 373 2036 offenderat.

231 2081 377 2141 Ceterum
399 2083 572 2160 composita
604 2083 758 2144 seditione
787 2083 874 2142 civili
894 2082 1075 2142 Cornelium
1102 2082 1195 2141 Dola
1218 2096 1236 2144 4

190 2186 306 2246 bellam
327 2187 521 2246 consularem
545 2193 578 2247 et
606 2188 831 2265 triumphalem
860 2188 1105 2264 repetundarum
1126 2206 1195 2264 pos-

152 2292 325 2367 aotulavit5
352 2292 558 2369 absolutoque
591 2293 738 2351 Rhodum
767 2294 910 2352 secedere
942 2293 1064 2367 statuit,
1094 2297 1126 2351 et
1153 2271 1194 2351 ad

189 2382 409 2457 declinandam
427 2398 579 2457 invidiam
597 2404 629 2457 et
648 2404 684 2456 ut
702 2418 757 2475 per
775 2399 874 2456 otium
892 2417 927 2457 ac
945 2397 1084 2474 requiem
1100 2396 1194 2474 Apol·

190 2501 274 2561 lonio
294 2501 416 2562 Moloni
436 2503 609 2562 clarissimo
638 2509 713 2562 tunc
740 2502 865 2562 dicendi
895 2503 1045 2578 magistro
1066 2521 1192 2579 operam

190 2607 287 2667 daret.
341 2608 414 2666 Huc
437 2608 513 2667 dum
537 2608 676 2667 hibernis
702 2607 765 2668 iarn
790 2608 948 2667 mensibus
972 2607 1088 2681 traicit,
1111 2606 1193 2691 cipca

189 2712 449 2773 Pharmacussam
464 2713 600 2772 insulam
613 2732 632 2772 a
647 2713 855 2789 praedonibus
872 2718 982 2790 captus
998 2717 1047 2772 est
1065 2711 1193 2771 mansit-

151 2833 251 2896 atque
268 2818 353 2896 apud
372 2837 424 2877 eos
441 2837 503 2876 non
520 2818 587 2877 sine
608 2837 730 2877 summa
748 2817 965 2894 indignatione
984 2836 1082 2894 prope
1099 2816 1193 2894 quad·

189 2922 314 3000 raginta
340 2923 407 2982 dies
436 2942 506 2982 cum
535 2943 596 2982 uno
625 2923 745 2982 medico
774 2929 806 2982 et
838 2922 1024 2982 cubicularis
1060 2921 1190 2981 duobus.

188 3027 273 3089 Nam
287 3028 416 3089 comites
432 3048 600 3106 servosque
614 3035 733 3089 ceteros
746 3028 837 3087 initio
852 3028 960 3088 statim
975 3028 1014 3087 ad
1029 3027 1214 3104 expediens

93 3188 99 3197 .
189 3135 245 3196 das
267 3136 415 3214 pecunias
435 3136 548 3213 quibus
568 3137 775 3196 redimeretur
794 3136 966 3195 dimiserat.
1008 3134 1191 3195 Numeratis

188 3240 303 3302 deinde
323 3241 553 3319 quinquaginta
573 3242 702 3302 talentis
724 3242 886 3319 expositus
902 3241 935 3299 in
949 3241 1042 3301 litore
1055 3260 1119 3299 non
1131 3240 1193 3300 dis-

149 3346 265 3411 ntulit
277 3347 356 3424 quin
370 3366 386 3408 e
402 3348 538 3424 vestigio
553 3349 652 3409 classe
666 3349 802 3408 deducta
816 3352 1058 3425 persequeretur
1080 3346 1192 3406 abeun-

188 3450 230 3511 tis
251 3471 288 3513 ao
308 3453 450 3513 redactos
473 3452 506 3512 in
526 3459 717 3531 potestatem
739 3453 895 3530 supplicio
914 3453 998 3529 quod
1013 3469 1105 3528 saepe
1126 3450 1191 3510 illis

188 3556 326 3618 minatus
343 3557 426 3618 inter
442 3558 545 3618 iocum
560 3558 665 3619 iuerat
682 3559 838 3619 adficeret.
881 3559 1035 3618 Vastante
1050 3556 1190 3633 regiones

115 3804 283 3978 ἢ
