2678 4140
352 640 391 714 C.
429 640 644 714 SUETONI
680 640 989 724 TRANQUILLI

327 872 407 953 DE
450 871 608 952 VITA
631 871 1018 1003 ¹CAESARUM

568 1109 710 1174 LIBER
742 1110 769 1173 I.

483 1305 635 1380 DIVUS
686 1305 857 1380 IULIUS

301 1492 318 1526 1
481 1490 498 1524 ἦ
662 1490 679 1524 ἦ
842 1490 859 1524 1
1023 1491 1041 1528 Ι

124 1625 140 1673 1
208 1620 336 1678 Annum
356 1636 452 1693 agens
481 1622 605 1676 sextum
633 1617 790 1676 decimum
818 1623 941 1695 patrem
968 1619 1093 1695 amisit3
1128 1639 1173 1681 se-

167 1723 400 1802 quentibusque
415 1722 595 1781 consulibus
610 1721 725 1782 flamen
735 1722 837 1782 Dialis
849 1723 1025 1784 destinatus
1040 1725 1171 1786 dimissa

166 1829 323 1902 Cossutia,
339 1847 418 1905 quae
433 1827 556 1886 familia
570 1827 710 1904 equestri
725 1828 780 1886 sed
794 1828 963 1887 admodum
978 1829 1066 1890 dives
1086 1849 1172 1908 prae-

166 1940 289 1996 textato
306 1934 497 2010 desponsata
513 1932 628 2008 fuerat,
643 1932 821 1992 Corneliam
838 1934 957 1994 Cinnae
974 1940 1086 2012 quater
1103 1954 1171 1996 con-

166 2042 244 2102 sulis
263 2040 363 2100 ffliam
377 2038 469 2097 duxit
483 2057 623 2112 uxorem,
637 2057 676 2097 ex
691 2057 753 2114 qua
768 2038 816 2096 illi
831 2057 903 2098 mox
918 2039 1001 2100 Iulia
1015 2045 1090 2100 nata
1104 2047 1153 2102 est
1163 2056 1193 2117 35

164 2166 266 2224 neque
282 2151 318 2206 ut
333 2144 514 2222 repudiaret
532 2143 678 2221 compelli
692 2163 711 2203 a
725 2143 879 2203 dictatore
895 2144 983 2204 Sulla
997 2145 1063 2204 ullo
1078 2147 1169 2206 modo

142 2253 279 2331 2p0tuit.
321 2251 423 2321 Quare
445 2255 477 2309 et
499 2249 673 2339 sacerdotio
695 2255 727 2309 et
747 2250 854 2309 uxoris
876 2251 950 2311 dote
965 2256 998 2311 et
1011 2252 1169 2328 gentilicis

163 2357 393 2419 hereditatibus
416 2355 568 2415 multatus
597 2355 793 2415 diversarum
821 2355 960 2433 partium
987 2357 1169 2433 habebatur,

164 2470 201 2525 ut
222 2464 320 2525 etiam
343 2463 503 2522 discedere
525 2481 542 2521 e
564 2461 666 2520 medic
688 2467 720 2521 et
741 2480 932 2539 quamquam
953 2463 1060 2522 morbo
1082 2484 1170 2540 quar·

165 2576 257 2630 tanae
279 2569 471 2644 adgravante
492 2586 590 2644 prope
611 2587 668 2644 per
689 2567 828 2642 singulas
849 2573 956 2626 noctes
979 2575 1208 2630 commutarem

164 2675 302 2736 latebras
324 2677 486 2749 cogeretur
508 2691 603 2749 seque
624 2673 665 2732 ab
686 2673 925 2751 inquisitoribus
945 2674 1078 2750 pecnnia
1092 2676 1170 2734 redi-

165 2786 273 2855 meret,
295 2780 394 2839 donec
421 2798 478 2856 per
504 2778 643 2854 virgines
665 2779 809 2839 Vestales
833 2798 951 2856 perque
975 2780 1169 2839 Mamercum

165 2885 337 2946 Aemilium
366 2890 398 2945 et
426 2884 590 2944 Aurelium
619 2885 746 2944 Cottam
774 2886 967 2962 propinquos
993 2890 1025 2944 et
1048 2884 1167 2944 adfines

141 3001 236 3050 ssuos
252 2990 377 3050 veniam
399 2989 592 3067 impetravit.
637 2991 720 3050 Satis
736 2997 859 3051 constat
881 2991 1010 3067 Sullam,
1026 3010 1096 3050 cum
1119 2991 1169 3050 de

165 3095 365 3174 precantibus
383 3097 582 3156 amicissimis
602 3103 634 3157 et
651 3099 860 3158 ornatissimis
878 3099 955 3157 viris
972 3097 1168 3175 aliquamdiu
1177 3108 1206 3154 15

164 3203 351 3278 denegasset
371 3209 466 3281 atque
495 3203 544 3262 illi
565 3204 769 3281 pertinaciter
798 3205 1031 3279 contenderent,
1054 3224 1168 3281 expug-

164 3313 274 3368 natum
302 3308 430 3369 tandem
458 3310 667 3386 proclamasse
696 3310 762 3369 sive
787 3310 940 3370 divinitus
967 3311 1034 3370 sive
1061 3311 1168 3387 aliqua

165 3416 359 3475 coniectura:
405 3415 613 3474 vincerent
647 3434 689 3474 ac
724 3415 802 3474 sibi
845 3416 1045 3491 haberent,
1080 3416 1167 3474 dum

165 3522 274 3581 modo
317 3520 465 3581 scirent
506 3539 588 3580 eum
632 3539 742 3597 quem
784 3521 1015 3580 incolumem
1056 3526 1167 3580 tanto

165 3645 279 3705 opere
302 3632 494 3704 cuperent
518 3626 751 3702 quandoque
777 3627 1026 3703 optimatium
1052 3627 1205 3703 parti-ao

640 3723 652 3774 1
