2678 4146
154 238 196 302 68
237 249 267 300 6.
293 249 450 300 sunroru
471 248 699 311 renuournm
722 248 772 297 nn
795 247 885 297 vma
909 246 1112 299 cansarum

63 434 67 441 '
153 421 194 482 ad
218 421 390 500 praetorios
419 427 618 499 praetoresve
646 419 804 495 transiret,
832 425 869 479 ut
897 419 1158 480 centumviralem

153 529 277 589 hastam
298 548 392 606 quam
413 534 614 606 quaesturam
636 527 739 587 functi
762 532 948 588 consuerant
973 545 1083 604 cogere
1106 528 1158 588 de

37 675 38 680 κ
154 634 283 694 cemviri
297 641 451 712 cogerent.

193 739 322 818 Quoque
336 741 442 818 plures
457 747 579 819 partem
596 740 863 800 administrandae
883 740 928 800 rei
949 759 979 818 p.
998 744 1155 818 caperent,
1178 746 1213 798 ³7

128 859 235 907 tnova
248 846 349 906 officia
363 846 570 922 excogitavit:
593 865 700 906 curam
714 865 843 922 operum
858 845 1064 922 publicorum,
1093 846 1156 905 via

153 973 232 1027 rum,
246 971 408 1029 aquarum,
425 952 508 1012 alvei
526 951 658 1026 Tiberis,
673 950 826 1010 frumenti
843 950 960 1029 populo
977 950 1154 1026 dividundi,

153 1057 384 1137 praefecturam
397 1057 494 1132 urbis,
513 1057 748 1117 triumuiratum
769 1055 894 1132 legendi
912 1061 1039 1115 senatus
1061 1061 1093 1116 et
1113 1057 1154 1116 al-

152 1169 256 1223 terum
277 1162 516 1239 recognoscendi
538 1168 657 1222 turmas
680 1162 831 1239 equitum,
846 1161 1054 1238 quotiensque
1075 1180 1153 1239 opus

153 1274 243 1328 esset.
287 1268 437 1328 Censores
459 1267 557 1329 creari
578 1267 696 1328 desitos
719 1268 812 1343 longo
836 1266 1005 1326 intervallo
1026 1267 1152 1327 creavit.

114 1385 143 1430 10
159 1375 335 1433 Numerum
357 1379 536 1451 praetorum
558 1373 656 1433 auxit.
698 1371 813 1448 Exegit
832 1371 928 1432 etiam
942 1377 988 1447 ut,
1008 1371 1153 1448 quotiens

152 1479 332 1538 consulatus
354 1479 414 1538 sibi
433 1479 570 1554 daretur,
585 1478 675 1537 binos
693 1497 750 1554 pro
766 1477 899 1553 singulis
914 1477 1049 1554 collegas
1064 1477 1155 1537 habe·

152 1590 209 1659 ret,
224 1603 281 1644 nec
298 1584 446 1661 optinuit,
462 1583 703 1644 reclamantibus
723 1582 843 1643 cunctis
863 1582 940 1642 satis
956 1581 1155 1643 maiestatem

152 1689 217 1749 eius
246 1689 390 1748 imminui
418 1689 501 1766 quod
528 1689 678 1749 honorem
702 1707 774 1747 eum
800 1706 864 1746 non
886 1687 971 1746 solus
989 1687 1055 1746 ’sed
1084 1706 1155 1754 cum

151 1795 250 1854 altero
271 1800 400 1870 gereret.

114 1914 142 1959 15
191 1901 258 1960 Nec
272 1900 395 1977 parcior
410 1900 442 1958 in
456 1900 569 1960 bellica
581 1901 698 1960 virtute
713 1900 1008 1976 honoranda,super
1022 1899 1156 1975 triginta
1177 1907 1212 1957 38

151 2004 281 2065 ducibus
304 2005 403 2065 iustos
427 2005 604 2082 triumphos
627 2011 660 2065 et
687 2006 849 2082 aliquanto
874 2003 1017 2082 pluribus
1046 2003 1155 2063 trium·

151 2110 258 2188 phalia
272 2116 455 2171 ornamenta
468 2111 662 2169 decernenda
684 2110 814 2169 curavit.

189 2215 312 2275 Liberis
335 2221 523 2289 senatorum,
551 2236 613 2291 quo
635 2215 766 2274 celerius
795 2215 840 2274 rei
867 2235 897 2293 p.
929 2221 1178 2291 assuescerent,2

150 2320 294 2398 protinus
315 2341 334 2380 a
355 2320 440 2380 viriii
465 2326 538 2395 toga
561 2320 661 2379 latum
686 2321 809 2379 clavum
837 2320 966 2380 induere
990 2325 1023 2379 et
1050 2321 1154 2381 curiae

45 2489 48 2497 Ι
112 2425 302 2485 minteresse
320 2425 464 2504 permisit
486 2419 695 2501 militiamque
716 2424 952 2502 auspicantibus
973 2444 1036 2483 non
1058 2425 1155 2484 tribu·

150 2538 259 2591 natum
274 2532 365 2590 modo
379 2531 547 2606 legionum,
563 2531 616 2590 sed
632 2537 663 2590 et
678 2531 892 2608 praefecturas
908 2530 1030 2590 alarum
1047 2531 1154 2606 dedit3

151 2656 187 2698 ac
207 2657 246 2697 ne
268 2637 322 2714 qui
344 2656 455 2714 expers
478 2644 649 2697 castrorum
672 2643 763 2712 esset,
778 2636 868 2695 binos
886 2636 1071 2714 plerumque
1085 2637 1155 2697 lati·

152 2743 268 2802 clavios
282 2743 464 2820 praeposuit
479 2743 611 2818 singulis
625 2742 693 2802 alis.

191 2849 342 2926 Equitum
364 2855 484 2908 turmas
511 2850 692 2925 frequenter
719 2849 909 2925 recognovit,
931 2854 1004 2926 post
1027 2848 1178 2925 longam3

113 2953 418 3031 asintercapedincm
446 2953 575 3013 reducto
603 2973 688 3012 more
710 2953 923 3013 travectionis.
965 2953 1027 3012 Sed
1051 2972 1154 3030 neque

152 3059 277 3119 detrahi
297 3078 485 3136 quemquam
507 3059 540 3117 in
561 3059 752 3118 travehendo
774 3059 813 3118 ab
840 3064 1019 3118 accusatore
1041 3077 1153 3135 passus

153 3170 210 3239 est,
232 3164 315 3241 quod
336 3164 404 3222 fieri
426 3165 554 3238 solebat,
570 3170 602 3222 et
624 3165 709 3223 senio
727 3165 776 3224 vel
798 3165 904 3240 aliqua
926 3163 1064 3241 corporis
1083 3164 1154 3224 labe

152 3269 328 3346 insignibus
355 3270 508 3347 permisit,
537 3269 708 3347 praemisso
735 3270 769 3328 in
796 3269 904 3328 ordine
932 3289 1020 3346 equo,
1042 3269 1082 3331 ad
1110 3290 1155 3330 re·

154 3375 369 3453 spondendum
391 3375 536 3452 quotiens
565 3376 736 3434 citarentur
764 3375 896 3452 pedibus
924 3374 1048 3448 venire,
1070 3388 1153 3434 'mox

114 3480 304 3540 acreddendi
325 3480 397 3558 equi
425 3480 558 3556 gratiam
587 3480 663 3540 fecit
687 3481 732 3539 eis
758 3481 812 3557 qui
840 3479 972 3539 maiores
994 3498 1154 3539 vannorum

153 3585 291 3664 quinque
306 3592 337 3645 et
351 3585 483 3661 triginta
498 3586 631 3645 retinere
646 3605 717 3645 eum
731 3585 859 3644 nollent.

192 3691 438 3769 Impetratisque
452 3710 471 3750 a
483 3674 593 3750 senatu
607 3692 713 3750 decem
724 3690 929 3765 adiutoribus,
941 3710 1039 3750 unum
1050 3710 1155 3768 quem·
1178 3700 1214 3752 39
