2678 4140
349 246 461 297 urnas
484 247 520 297 11.
557 245 670 297 nrvus
693 246 886 298 rueusrus
1080 232 1120 298 98

126 418 277 496 prurigine
293 418 431 498 corporis
446 418 640 497 adsiduoque
659 425 693 478 et
710 420 890 479 vehementi
910 419 1043 496 strigilis
1062 439 1121 480 usu
1149 437 1160 461 Χ·

124 523 316 600 plurifariam
332 524 484 584 concretis
499 524 539 583 ad
555 523 750 601 impetiginis
765 524 909 584 formam.
945 524 1121 585 coxendice

123 634 150 689 et
161 629 282 690 femore
297 635 330 688 et
344 647 433 688 crure
448 628 578 688 sinistro
591 648 654 688 non
669 627 799 706 perinde
821 629 956 704 valebat,
970 636 1008 689 ut
1028 649 1121 708 saepe

123 734 211 795 etiam
234 734 479 809 inclaudicaret3
501 734 556 793 sed
580 733 718 793 remedio
740 734 928 795 harenarum
950 740 1046 813 atque
1070 736 1122 796 ha
1165 757 1179 784 ·«

121 841 288 899 rundinum
312 840 563 900 confirmabatur.
606 842 745 900 Dextrae
767 859 891 918 quoque
913 860 1024 902 manus
1045 841 1145 918 digis

121 949 183 1005 tum
205 946 378 1006 salutarem
402 951 468 1006 tam
494 945 688 1005 imbecillum
716 946 877 1006 interdum
906 946 1064 1007 sentiebat
1087 952 1122 1006 ut

121 1056 295 1130 torpentem
330 1057 587 1128 contractumque
622 1051 740 1127 frigore
772 1051 826 1109 vix
867 1052 971 1112 comei
1013 1053 1121 1112 circuli

121 1157 337 1235 supplemento
365 1155 539 1235 scripturae
564 1157 754 1216 admoveret.
797 1156 932 1227 Questus
956 1163 1060 1217 estet
1082 1158 1121 1217 de

121 1263 229 1338 vesica,
250 1262 339 1322 cuius
360 1261 467 1321 dolore
489 1261 617 1322 calculis
639 1262 766 1321 demum
787 1280 844 1341 per
865 1262 988 1322 urinam
1013 1263 1121 1323 eiectis
1207 1252 1249 1300 ‘s'

120 1366 289 1430 levabatur.
526 1371 527 1375 ’
1132 1382 1161 1428 10
1279 1372 1281 1377 '

66 1467 102 1522 ⁸1
157 1475 278 1535 Graves
303 1479 336 1533 et
360 1474 551 1552 periculosas
574 1473 767 1534 valitudines
795 1493 852 1552 per
876 1493 1000 1535 omnem
1023 1475 1123 1534 vitam

121 1579 239 1657 aliquot
260 1585 408 1657 expertus
430 1586 496 1654 est,
525 1579 692 1657 praecipue
713 1579 883 1640 Cantabria
902 1579 1032 1655 domita,
1052 1599 1123 1638 cum

122 1684 213 1745 etiam
232 1684 500 1744 destillationibus
521 1684 656 1771 iocinere
675 1683 789 1744 vitiato
810 1685 851 1744 ad
871 1685 1123 1762 desperationem
1217 1672 1250 1697 ⁹¹

122 1790 263 1850 redactus
298 1789 487 1850 contrariam
522 1795 554 1849 et
588 1789 759 1866 ancipitem
793 1789 947 1850 rationem
977 1788 1123 1849 medendi

121 1894 294 1955 necessario
319 1895 434 1955 subiit:
467 1895 542 1972 quia
567 1895 669 1954 calida
694 1894 835 1955 fomenta
858 1914 920 1953 non
942 1894 1162 1973 proderentur

122 1999 245 2076 frigidis
267 1999 370 2060 curari
392 2006 516 2060 coactus
538 2005 665 2060 auctore
687 1999 826 2059 Antonio
847 2001 949 2060 Musa.

104 2114 116 2159 2
159 2105 318 2177 Quasdam
332 2111 365 2166 et
378 2106 608 2166 anniversarias
623 2125 659 2165 ac
673 2111 815 2182 tempore
830 2111 915 2165 certo
929 2110 1124 2166 recurrentes

123 2210 359 2290 experiebatur3
380 2230 452 2271 nam
469 2211 527 2270 sub
541 2211 681 2270 natalem
695 2229 787 2268 suum
801 2211 988 2288 plerumque
1002 2211 1127 2287 langue-

123 2314 192 2391 bat;
213 2321 246 2376 et
260 2315 354 2375 initio
364 2316 447 2375 veris
459 2316 713 2393 praecordiorum
724 2315 886 2375 inflatione
901 2316 1125 2394 temptabatur,

123 2421 273 2481 austrinis
295 2425 402 2481 autem
426 2421 670 2498 tempestatibus
693 2421 871 2496 gravedine.
914 2422 1016 2493 Quare
1038 2432 1165 2498 quas-20
1218 2422 1254 2461 V

124 2531 191 2586 sato
205 2544 334 2603 corpore
348 2532 449 2603 ireque
463 2525 583 2602 frigora
596 2544 698 2602 neque
712 2507 818 2585 aestus
834 2526 928 2586 facile
942 2526 1105 2587 tolerabat.

77 2641 105 2693 82
162 2631 278 2691 Hieme
292 2631 453 2709 quaternis
472 2651 543 2691 cum
562 2630 673 2709 pingui
691 2635 765 2707 toga
786 2631 901 2691 trmicis
923 2636 956 2691 et
977 2631 1128 2691 subucula

124 2742 156 2796 et
169 2735 296 2797 thorace
311 2736 400 2797 laneo
415 2743 448 2796 et
461 2735 664 2796 feminalibus
684 2741 717 2795 et
736 2735 898 2796 tibialibus
919 2736 1127 2811 muniebatur,
1194 2736 1211 2777 ’κ
1234 2724 1241 2733 ’

124 2846 243 2902 aestate
257 2841 376 2919 apertis
393 2841 528 2901 cubiculi
542 2841 664 2901 foribus
679 2861 716 2901 ac
731 2860 824 2920 saepe
839 2841 872 2899 in
889 2841 1044 2921 peristylo
1059 2841 1129 2901 sali-

124 2952 195 3007 ente
214 2965 297 3024 aqua
313 2951 409 3024 atque
428 2947 525 3007 etiam
538 2946 714 3007 ventilante
732 2947 840 3024 aliquo
861 2947 1003 3007 cubabat.
1047 2947 1168 3006 Solisss
1218 2952 1228 2991 ¹»

125 3070 258 3112 verone
279 3051 404 3112 hiberni
424 3051 553 3130 quidem
574 3052 709 3129 patiens,
731 3052 816 3112 domi
838 3071 962 3129 quoque
983 3071 1046 3112 non
1066 3051 1129 3111 nisi

126 3161 287 3236 petasatus
302 3157 448 3217 subdivo
468 3157 673 3235 spatiabatur.
716 3157 838 3217 Itinera
854 3156 966 3217 lectica
984 3162 1016 3217 et
1034 3156 1131 3217 nocti·
1210 3170 1213 3175 ·

125 3261 183 3322 bus
198 3262 265 3322 fere
280 3281 377 3341 eaque
392 3262 479 3323 lenta
492 3281 529 3322 ac
544 3262 666 3322 minuta
680 3262 827 3337 faciebat,
840 3267 878 3322 ut
894 3262 1065 3322 Praeneste
1079 3263 1131 3322 vel

127 3368 225 3428 Tibur
238 3367 335 3428 biduo
349 3369 550 3446 procederet3
571 3387 608 3427 ac
623 3367 650 3427 si
665 3387 727 3444 quo
742 3368 906 3445 pervenire
921 3367 1000 3428 mari
1014 3374 1131 3446 posset,

104 3472 233 3552 apotius
257 3473 435 3550 navigabat.
486 3475 605 3533 Verum
629 3479 752 3533 tantam
776 3473 994 3533 infirmitatem
1019 3487 1171 3550 magnaeo

128 3597 203 3638 cura
226 3578 383 3654 tuebatur,
409 3579 443 3636 in
467 3578 579 3656 primis
604 3579 732 3638 lavandi
758 3579 904 3652 raritate3
935 3579 1133 3655 unguebatur

128 3683 213 3745 enim
228 3683 353 3762 saepius
373 3689 428 3743 aut
451 3683 584 3743 sudabat
602 3684 641 3743 ad
656 3683 824 3758 flammam,
840 3683 954 3743 deinde
967 3684 1135 3761 perfunde·
