2678 4140
205 227 224 289 8
272 238 300 288 C.
327 236 483 288 suarem
506 236 733 299 'PRANQUILLI
757 236 805 286 DE
830 235 920 286 VITA
943 233 1147 288 CAESARUM

205 411 281 470 dum
309 411 504 486 existimans,
535 429 605 470 cum
642 411 799 489 inplorato
836 410 994 470 Ciceronis
1025 405 1211 468 testimonio

206 516 360 594 quaedam
395 534 428 575 se
463 515 502 574 de
535 516 748 575 coniuratione
776 516 860 575 ultro
888 515 927 575 ad
956 533 1027 573 eum
1055 511 1212 571 detulisse

206 621 373 695 docuisset,
395 641 433 680 ne
457 622 551 681 Curio
573 621 712 699 praemia
732 622 882 681 darentur
902 619 1025 693 effecit3
1054 617 1211 690 Vettium,

206 726 390 805 pignoribus
405 727 506 805 captis
521 733 554 787 et
568 727 693 804 direpta
712 726 917 804 supellectile,
935 725 1016 785 male
1036 724 1213 783 mulcatum

183 848 242 894 cac
264 852 320 910 pro
342 833 452 893 rostris
474 833 508 891 in
530 834 674 893 contione
695 852 794 911 paene
815 833 1009 910 discerptum
1037 829 1149 890 coiecit
1176 827 1214 887 in

207 956 379 1014 carcerem;
400 939 509 998 eodem
530 939 670 998 Novium
695 944 901 1016 quaestorem,
922 938 1006 1015 quod
1028 933 1214 1013 compellari

206 1044 291 1121 apud
307 1062 340 1103 se
355 1044 504 1103 maiorem
518 1051 709 1122 potestatem
724 1063 834 1123 passus
850 1049 940 1103 esset.

248 1151 296 1208 Ex
314 1155 461 1227 praetura
475 1150 657 1210 ulteriorem
679 1151 809 1211 sortitus
832 1149 1021 1227 Hispaniam
1036 1148 1212 1208 retinentes
1239 1160 1275 1210 18

208 1255 377 1315 creditores
397 1255 578 1316 interventu
599 1276 784 1334 sponsorum
804 1255 938 1315 removit
952 1273 989 1315 ac
1005 1271 1106 1331 neque
1124 1270 1213 1312 more

170 1373 199 1418 10
207 1380 308 1438 neque
329 1361 398 1422 inre
422 1368 495 1422 ante
519 1382 613 1439 quam
638 1363 817 1440 provinciae
839 1366 1024 1421 ornarentur
1048 1359 1213 1438 profectus

208 1472 272 1526 est:
294 1467 449 1527 incertum
464 1473 590 1527 metune
605 1468 723 1542 iudicii,
739 1468 822 1544 quod
837 1467 962 1545 privato
976 1465 1155 1543 parabatur,
1169 1482 1215 1523 an

208 1591 270 1649 quo
285 1573 438 1632 maturius
455 1573 547 1631 sociis
563 1574 795 1651 inplorantibus
817 1572 1016 1646 subveniret3
1038 1575 1214 1648 pacataque

208 1678 379 1756 provincia,
394 1679 463 1756 pari
485 1679 699 1753 festinatione,
714 1699 776 1737 non
796 1683 961 1756 expectato
980 1693 1156 1736 successore
1169 1675 1215 1734 ad

208 1783 404 1860 triumphum
439 1784 532 1842 simul
567 1785 824 1860 consulatumque
852 1782 994 1842 decessit.
1052 1781 1112 1840 Sed
1140 1793 1240 1840 cuma

170 1904 199 1949 15
208 1888 320 1947 edictis
348 1888 411 1948 iam
440 1889 575 1948 comitiis
601 1890 681 1949 ratio
705 1890 771 1948 eius
799 1889 911 1948 haberi
934 1907 998 1947 non
1018 1891 1125 1965 posset
1148 1885 1215 1945 nisi

208 1993 351 2071 privatus
381 1995 544 2054 introisset
572 1996 690 2070 urbem,
713 2001 746 2055 et
773 1995 925 2055 ambienti
950 1999 986 2052 ut
1010 1991 1132 2069 legibus
1154 1990 1216 2050 sol-

208 2103 334 2158 veretur
357 2100 450 2158 multi
472 2107 580 2160 contra
610 2101 759 2176 dicerent,
783 2106 905 2161 coactus
927 2105 977 2159 est
1004 2096 1214 2174 triumphum,

207 2224 247 2264 ne
262 2205 427 2264 consulatu
442 2207 670 2281 excluderetur,
686 2207 854 2267 dimittere.

247 2312 274 2369 E
303 2310 424 2370 duobus
453 2312 633 2370 consulatus
664 2311 930 2389 competitoribus,
952 2310 1050 2370 Lucio
1078 2308 1214 2368 Lucceio
1243 2315 1277 2365 19

170 2418 376 2494 roblarcoque
399 2417 522 2490 Bibulo,
538 2418 706 2476 Lucceium
728 2417 788 2475 sibi
808 2416 964 2490 adiunxit,
984 2421 1094 2494 pactus
1116 2419 1152 2472 ut
1173 2414 1213 2488 is,

208 2522 356 2598 quoniam
377 2522 507 2581 inferior
528 2523 629 2597 gratia
650 2528 733 2581 esset
751 2522 944 2600 pecuniaque
963 2521 1106 2598 polleret,
1124 2538 1215 2577 rrum·

209 2646 275 2686 mos
290 2627 329 2686 de
344 2646 400 2686 suo
415 2628 571 2686 communi
593 2629 718 2687 nomine
734 2647 790 2706 per
805 2627 961 2687 centurias
982 2625 1211 2704 pronuntiaret.

208 2732 276 2802 Qua
295 2733 419 2808 cognita
434 2753 466 2792 re
481 2733 660 2810 optimateS,
676 2754 753 2810 quos
777 2740 877 2793 metus
900 2737 1025 2810 ceperat
1046 2730 1126 2790 nihil
1147 2750 1213 2790 non
1306 2732 1311 2747 '

208 2856 355 2896 ausurum
378 2857 448 2897 eum
468 2839 499 2896 in
516 2857 637 2898 summo
659 2840 845 2916 magistratu
867 2837 1011 2897 concordi
1032 2842 1064 2896 et
1086 2854 1213 2896 eonsen-

170 2942 307 3003 sotiente
329 2943 456 3019 collega,
476 2951 617 3003 auctores
638 2944 751 3003 Bibulo
770 2946 898 3004 fuerunt
916 2942 1103 3003 tantundem
1122 2940 1213 3018 polli-

209 3047 308 3120 cendi,
320 3067 355 3107 ac
367 3049 509 3127 plerique
520 3052 667 3128 pecunias
680 3052 888 3125 contulerunt,
900 3069 939 3108 ne
953 3049 1072 3109 Catone
1082 3046 1212 3124 quidem

208 3152 364 3212 abnuente
379 3173 446 3213 eam
461 3157 659 3232 largitionem
674 3177 690 3216 e
706 3178 739 3215 re
754 3157 879 3234 publica
892 3155 969 3215 fieri.

249 3259 352 3334 Igitur
367 3280 437 3319 cum
453 3264 565 3322 liibulo
581 3265 687 3323 consul
703 3270 833 3323 creatur.
876 3262 1016 3322 Eandem
1031 3259 1071 3320 ob
1086 3248 1236 3322 causamn

210 3383 304 3442 opera
318 3366 357 3425 ab
372 3369 577 3445 optimatibus
598 3372 673 3430 data
688 3377 736 3431 est
755 3377 791 3429 nt
810 3369 989 3448 provinciae
1009 3366 1127 3427 futuris
1144 3384 1213 3425 eon-

171 3467 330 3533 aosulibus
358 3474 480 3532 minimi
508 3476 636 3552 negotii,
658 3477 691 3534 id
720 3483 768 3536 est
797 3478 894 3536 silvae
920 3475 1086 3550 callesque,
1109 3472 1213 3531 decer-

209 3582 366 3635 nerentur.
408 3579 475 3649 Qua
487 3580 621 3639 maxime
636 3581 751 3640 iniuria
765 3582 932 3639 instinctus
944 3578 1088 3638 omnibus
1100 3575 1209 3635 officiis

210 3680 352 3745 Gnatum
385 3683 571 3767 Pompeium
599 3687 777 3748 adsectatus
807 3691 855 3747 est
882 3686 1036 3744 offensum
1067 3681 1212 3760 patribus
