2678 4140
484 225 595 276 arnna
619 225 640 276 1.
674 225 787 276 nrvus
810 225 933 276 murus
1192 216 1211 282 3

178 403 365 480 proximas
381 402 579 477 Mithridate,
593 422 633 462 ne
648 403 790 463 desidere
805 403 838 463 in
852 402 1034 463 discrimine
1056 402 1210 463 sociorum

177 509 375 583 videretur,
390 508 431 567 ab
452 508 573 582 Rhodo,
589 527 651 584 quo
672 508 883 584 pertenderat,
899 507 1026 568 transiit
1047 508 1081 566 in
1100 508 1210 569 Asiam

178 613 395 690 auxiliisque
424 613 593 673 contractis
622 620 654 672 et
675 614 836 690 praefecto
861 614 942 690 regis
971 615 1134 692 provincia
1161 633 1212 675 ex-

180 722 296 800 pulso
310 720 455 780 nutantis
470 740 506 780 ac
520 720 632 780 dubias
648 720 793 780 civitates
809 721 941 780 retinuit
955 721 989 779 in
1002 721 1073 781 fide.

98 831 129 880 5
240 827 423 886 Tribunatu
451 826 599 901 militum,
621 826 676 903 qui
703 826 824 903 primus
847 828 980 887 Romam
1004 846 1129 888 reverso
1153 841 1233 906 pert
1270 860 1274 867 ,

187 933 357 1009 suffragia
377 932 487 1010 populi
508 932 607 991 honor
634 932 759 1009 optigit,
780 938 901 992 actores
923 933 1136 993 restituendae
1157 933 1210 993 tri·

186 1038 350 1098 buniciae
371 1037 549 1115 potestatis
565 1037 652 1096 cuius
674 1037 739 1096 vim
762 1037 850 1097 Sulla
870 1038 1076 1113 deminuerat,
1098 1039 1210 1098 enixis·

193 1145 284 1204 sime
299 1143 390 1203 iuvit.
433 1145 467 1201 L.
491 1143 587 1226 etiam
608 1143 727 1203 Cinnae
754 1143 861 1202 uxoris
883 1143 987 1219 fratri,
1009 1144 1117 1221 etqui
1139 1162 1209 1203 cum

195 1270 239 1311 eo
263 1249 352 1310 civili
373 1249 530 1309 discordia
550 1249 706 1326 Lepidum
728 1249 827 1308 secuti
850 1255 922 1326 post
942 1268 1051 1309 necem
1072 1249 1208 1310 consulis

197 1357 244 1416 ad
260 1345 435 1415 Sertorium
449 1354 664 1431 confugerant,
676 1355 813 1413 reditum
828 1355 861 1412 in
876 1355 1037 1414 civitatem
1049 1354 1209 1430 rogatione
1221 1366 1250 1412 ιο

199 1461 313 1520 Plotia
327 1459 464 1520 confecit
477 1459 651 1536 habuitque
665 1465 697 1518 et
712 1459 779 1536 ipse
795 1479 940 1536 superea
955 1479 987 1519 re
1003 1459 1188 1520 contionem.

135 1569 164 1617 6
246 1568 401 1637 Quaestor
428 1565 544 1624 Iuliam
572 1565 702 1625 amitam
730 1584 921 1642 uxoremque
949 1565 1126 1626 Corneliam
1160 1567 1211 1625 de-

206 1673 333 1732 functas
357 1670 500 1732 laudavit
521 1689 537 1729 e
561 1690 645 1730 more
668 1690 725 1748 pro
748 1671 867 1730 rostris.
909 1673 952 1731 Et
966 1671 1000 1730 in
1014 1672 1131 1732 amitae
1145 1673 1211 1749 qui-

207 1779 279 1838 dem
298 1776 478 1837 laudatione
498 1776 537 1835 de
556 1776 623 1835 eius
639 1795 675 1836 ae
693 1776 794 1853 patris
814 1776 863 1836 sui
879 1782 1011 1853 utraque
1028 1777 1147 1853 origine
1165 1777 1210 1837 sic

208 1884 322 1944 refert:
958 1920 961 1928 ·
1221 1906 1249 1951 15

248 1988 402 2048 Amitae
422 2001 528 2048 meae
549 1988 680 2047 Iuliae
702 1994 918 2048 maternum
939 2008 1059 2065 genus
1087 1989 1133 2049 ab
1162 2008 1210 2049 re

184 2170 189 2177 ¹
209 2094 321 2170 gibus
343 2099 477 2168 ortum,
500 2098 708 2170 paternum
730 2112 811 2152 cum
832 2093 910 2152 diis
930 2093 1210 2154 inmortalibus

210 2199 456 2260 coniunctum
491 2204 558 2258 est.
614 2199 709 2257 Nam
738 2199 784 2258 ab
812 2199 918 2259 Anco
947 2199 1094 2259 Marcio
1120 2206 1211 2260 sunt

209 2303 350 2365 Marcii
365 2305 498 2380 Reges,
513 2322 586 2380 quo
601 2303 757 2362 nomine
772 2304 1004 2378 fuitmater3
1026 2291 1211 2365 aVenere

210 2409 317 2485 Iulii,
333 2409 441 2468 cuius
457 2408 587 2484 gentis
603 2408 758 2468 familia
779 2414 839 2468 est
859 2414 1002 2470 nostra.
1038 2412 1253 2487 Estergoao

210 2515 248 2573 in
270 2533 411 2591 genere
439 2520 477 2574 et
505 2513 703 2573 sanctitas
732 2532 872 2590 regum,
900 2515 966 2591 qui
1001 2515 1211 2592 plurimum

210 2621 314 2681 inter
334 2619 509 2678 homines
532 2619 695 2696 pollent,
717 2624 755 2679 et
782 2620 1020 2680 caerimonia
1046 2621 1210 2696 deorum,

210 2744 370 2803 quorum
391 2724 472 2802 ipsi
493 2724 532 2782 in
553 2731 755 2801 potestate
777 2731 867 2785 sunt
888 2744 1006 2802 reges.

188 2842 203 2886 a
249 2832 289 2890 In
317 2830 480 2890 Corneliae
506 2835 613 2889 autem
640 2829 743 2888 locum
770 2831 953 2908 Pompeiam
982 2831 1075 2890 duxit
1102 2831 1211 2902 Quinti

210 2936 341 3014 Pompei
365 2935 473 3010 filiam,
495 2935 529 2994 L.
554 2935 658 2995 Sullae
682 2941 828 3012 neptem,
857 2955 928 2995 cum
948 2956 1011 3013 qua
1031 2937 1145 2997 deinde
1168 2937 1253 2997 di-ac

210 3041 349 3101 vortium
375 3040 454 3100 fecit
480 3041 690 3100 adulteratam
719 3041 865 3118 opinatus
897 3061 916 3101 a
946 3042 1060 3101 Publio
1092 3042 1211 3118 Clodi0,

210 3167 304 3225 quem
335 3145 418 3205 inter
448 3145 589 3223 publicas
622 3146 825 3206 caerimonias
856 3152 1038 3224 penetrasse
1068 3147 1108 3207 ad
1143 3166 1212 3208 eam

211 3251 357 3312 muliebri
392 3257 479 3311 veste
513 3257 579 3311 tam
614 3257 760 3311 constans
796 3253 882 3313 fama
912 3257 980 3313 erat
1017 3258 1054 3312 ut
1085 3258 1212 3314 senatus
1304 3273 1306 3277 ·

211 3357 428 3436 quaestionem
448 3358 487 3417 de
509 3358 639 3435 pollutis
663 3358 758 3418 sacris
780 3358 963 3418 decreverit.

171 3472 187 3524 7
251 3463 417 3534 Quaestori
441 3463 572 3523 ulterior
596 3463 755 3542 Hispania
778 3463 925 3539 obvenit3
955 3464 1010 3523 ubi
1035 3484 1106 3524 cum
1130 3479 1253 3526 man-ao

211 3570 288 3630 datu
316 3568 470 3647 praetoris
498 3568 565 3628 iure
590 3569 726 3629 dicundo
751 3576 922 3629 conventus
949 3570 1127 3631 circumiret
1155 3571 1215 3631 Ga·

212 3674 323 3752 disque
350 3673 499 3748 venisset,
523 3674 742 3734 animadversa
769 3675 853 3751 apud
882 3676 1030 3735 Herculis
1059 3677 1214 3755 templum
