2678 4140
152 247 193 312 80
234 261 264 310 o.
290 259 445 311 sunronr
467 259 697 322 sannorum
719 259 769 310 nn
792 258 884 309 vira
905 257 1109 309 cansarum

151 432 202 493 vel
220 433 408 493 necessitate
428 452 577 511 expressa
590 433 641 493 vel
656 431 851 493 verecundia
893 431 1026 509 Equites
1049 432 1087 490 R.
1102 449 1156 490 na·

152 538 248 598 talem
269 539 336 598 eius
358 544 469 616 sponte
490 544 585 616 atque
607 557 760 598 consensu
773 536 869 596 biduo
884 555 1008 614 semper
1021 535 1155 596 celebra

152 649 235 703 runt.
278 643 393 704 Omnes
415 644 540 703 ordines
555 644 588 702 in
606 644 710 703 lacum
731 642 821 703 Curti
842 633 1011 719 quotannis
1025 661 1065 702 ex
1079 647 1154 702 voto

152 768 209 827 pro
223 750 325 809 salute
346 749 413 810 eius
433 750 548 827 stipem
570 749 735 824 iaciebant,
750 749 828 809 item
841 747 915 808 Kal.
930 749 998 808 Ian
1013 753 1170 816 strenam,

128 857 185 915 cin
199 856 357 935 Capitolio
377 858 473 918 etiam
494 858 627 932 absenti,
642 877 680 917 ex
699 876 762 935 qua
783 874 905 917 summa
925 855 1155 934 pretiosissima

152 962 280 1022 deorum
296 963 463 1023 simulacra
481 969 637 1024 mercatus
652 963 781 1023 vicatim
795 962 968 1038 dedicabat,
984 966 1020 1022 ut
1035 960 1155 1040 Apolli-

152 1086 224 1127 nem
253 1068 482 1128 Sandaliarium
510 1075 543 1128 et
570 1069 680 1129 Iovem
712 1069 908 1146 Tragoedum
938 1067 1071 1144 aliaque.
1114 1068 1178 1126 Ina

152 1173 384 1233 restitutionem
405 1173 569 1234 Palatinae
583 1174 694 1233 domus
708 1173 852 1234 incendio
873 1172 1059 1251 absumptae
1072 1177 1156 1232 vete

152 1278 230 1353 rani,
252 1279 405 1353 decuriae,
431 1279 533 1338 tribus
557 1284 653 1357 atque
677 1279 773 1339 etiam
798 1278 984 1355 singillatim
1005 1285 1026 1337 'e
1051 1283 1155 1337 cetero

115 1399 144 1444 10
151 1402 263 1460 genere
288 1383 451 1442 hominum
475 1384 608 1443 libentes
633 1403 670 1444 ac
693 1403 751 1461 pro
771 1384 925 1444 facultate
946 1383 1080 1460 quisque
1104 1401 1156 1460 pe

152 1489 259 1548 eunias
275 1489 483 1565 contulerunt,
498 1490 657 1549 delibante
672 1495 796 1550 tantum
811 1490 903 1549 modo
913 1508 950 1549 eo
961 1507 1155 1549 summarum

151 1613 278 1654 acervos
300 1612 400 1670 neque
415 1614 453 1654 ex
468 1590 625 1672 quoquam
646 1595 718 1673 plus
740 1595 867 1655 denario
880 1594 1053 1655 auferente.
1096 1594 1156 1653 Re

152 1705 328 1759 vertentem
342 1719 380 1759 ex
395 1700 557 1776 provincia
578 1720 640 1760 non
662 1701 764 1760 solum
781 1700 896 1760 faustis
918 1698 1083 1775 ominibus,
1099 1700 1155 1758 sed

152 1811 185 1865 et
209 1805 378 1865 modulatis
407 1806 596 1865 carminibus
624 1805 901 1883 prosequebantur.
945 1803 1155 1865 Observatum

114 1910 248 1971 raetiam
275 1916 393 1985 estne,
416 1911 561 1987 quotiens
589 1911 735 1970 introiret
762 1910 881 1984 urbem,
903 1909 1095 1988 supplicium
1115 1910 1175 1969 de·

152 2035 310 2094 quoquam
324 2022 507 2076 sumeretur.
741 2084 743 2088 ¹

190 2121 296 2181 Patris
311 2122 431 2198 patriae
447 2141 616 2197 cognomen
631 2122 770 2182 universi
781 2121 945 2199 repentino
955 2121 1155 2198 maximoque
1179 2127 1216 2176 58

153 2246 305 2286 consensu
325 2227 507 2287 detulerunt
535 2228 580 2286 ei:
610 2229 713 2306 prima
733 2228 823 2307 plebs
844 2227 999 2303 legatione
1021 2227 1155 2286 Antium

153 2332 265 2407 missa;
287 2331 369 2406 dein,
385 2333 459 2409 quia
475 2352 537 2391 non
556 2333 735 2410 recipiebat,
754 2332 876 2392 ineunti
898 2333 1016 2392 Romae
1037 2337 1156 2410 specta

114 2437 223 2496 tocula
243 2437 391 2514 frequens
413 2443 444 2496 et
466 2438 623 2512 laureata3
645 2457 716 2496 mox
738 2438 771 2496 in
796 2437 881 2498 curia
903 2443 1039 2514 senatus,
1053 2456 1156 2514 neque

152 2542 278 2602 decreto
292 2560 392 2618 neque
406 2543 643 2617 adclamatione,
659 2543 713 2602 sed
728 2562 784 2621 per
798 2542 961 2604 Valerium
974 2541 1154 2602 Messalam.

153 2649 186 2706 Is
211 2647 433 2707 mandantibus
458 2648 595 2707 cunctis:
628 2648 737 2718 Quod
764 2649 916 2723 bonum,
938 2647 1051 2725 inquit,
1077 2647 1178 2708 fau-2

154 2759 339 2829 stumque
365 2753 421 2811 sit
442 2754 520 2812 tibi
546 2754 762 2830 domuique
787 2760 889 2828 tuae,
916 2753 1063 2813 Caesar
1088 2753 1157 2811 Au-

153 2861 288 2933 gustei
319 2857 384 2916 Sic
409 2858 513 2917 enim
539 2878 608 2917 nos
634 2864 874 2936 perpetuam
902 2857 1156 2917 felicitatem

115 2963 212 3024 acrei
256 2984 285 3040 p.
322 2970 360 3023 et
388 2963 497 3022 laeta
531 2963 624 3022 huic
658 2964 820 3041 precari
854 2963 1155 3023 existimamus:
1249 3046 1251 3048 q

155 3075 322 3128 senatus
351 3075 388 3128 te
418 3070 683 3130 consentiens
713 3090 797 3130 cum
825 3068 974 3147 populo
1003 3069 1041 3128 R.
1076 3087 1157 3128 oon·

155 3175 312 3234 salutat
333 3175 495 3252 patriae
516 3182 682 3252 patrem.
725 3175 782 3236 oui
804 3175 970 3235 lacrimans
993 3174 1157 3252 respondit

154 3281 315 3364 Augustus
364 3281 413 3339 his
456 3281 688 3360 verbis-ipsa
736 3282 829 3356 enim,
866 3281 947 3340 siout
990 3279 1156 3355 Messalae,

153 3386 301 3464 posui-:
338 3387 506 3464 Compos
552 3388 690 3447 factus
718 3393 925 3447 'votorum
973 3405 1156 3461 meorum,

115 3504 183 3569 top.
208 3512 243 3567 c,
266 3493 362 3569 quid
384 3493 509 3552 habeo
530 3493 644 3552 aliud
673 3494 767 3552 deos
799 3491 1054 3552 immortales
1077 3509 1158 3570 pro-

155 3597 240 3656 cari
270 3617 384 3674 quam
417 3604 459 3656 ut
490 3597 594 3657 hunc
626 3617 866 3657 consensum
895 3602 1079 3657 vestrum
1110 3597 1158 3658 ad

154 3703 344 3762 ultimum
367 3704 493 3762 finem
515 3704 626 3763 vitae
648 3704 746 3762 mihi
768 3703 957 3780 perferre
977 3701 1129 3762 liceat?
