2678 4146
418 258 530 310 emsa
554 259 576 310 1.
613 258 726 311 mvns
750 257 873 311 rursus
1065 278 1068 285 ·
1128 244 1148 312 5

141 436 284 491 auctores
305 436 380 490 sunt
399 432 595 509 conspirasse
616 452 686 492 eum
706 431 802 492 etiam
822 451 893 491 cum
908 431 1016 491 Gnaeo
1032 430 1147 491 Pisone

141 537 351 611 adulescente,
378 537 428 596 cui
456 538 495 596 ob
524 538 734 615 suspicionem
758 538 895 597 urbanae
924 536 1147 608 coniurationis

142 641 305 719 provincia
318 641 477 719 Hispania
487 643 571 702 ultro
583 649 672 702 extra
683 643 825 702 ordinem
835 642 910 702 data
926 641 968 701 sit
978 664 989 716 3,
1007 646 1148 720 pactum·

142 753 252 824 quent
268 747 362 806 simul
382 747 460 807 ioris
478 747 541 823 ille,
557 748 626 825 ipse
644 749 761 808 Romae
777 748 818 807 ad
838 766 886 806 res
906 765 1003 806 novas
1022 765 1147 806 consur-

142 858 260 929 gerent,
293 872 350 931 per
381 853 571 913 †Ambran0s
604 860 636 913 et
668 853 927 941 Transpadanos;
957 851 1171 915 destitutumt

141 957 306 1034 utriusque
328 958 494 1018 consilium
516 964 616 1018 morte
638 959 772 1019 Pisonis.

102 1074 136 1123 10
180 1063 305 1122 Aedilis
326 1069 451 1148 praeter
465 1064 625 1124 comitium
644 1083 681 1124 ac
700 1065 805 1123 forum
825 1063 1034 1141 basilicasque
1049 1063 1146 1124 etiam

143 1166 335 1245 Capitolium
346 1169 479 1243 ornavit,
490 1169 661 1246 porticibus
676 1171 716 1229 ad
728 1175 853 1246 tempus
865 1169 1018 1229 extructis
1033 1169 1066 1228 in
1081 1169 1147 1246 qui·

142 1273 197 1332 bus
214 1273 396 1333 abundante
415 1293 519 1333 rerum
533 1275 623 1353 copia
642 1294 715 1351 pars
735 1281 906 1352 apparatus
926 1279 1144 1352 exponeretur.

143 1379 332 1439 Venationes
352 1385 457 1439 autem
477 1379 629 1457 ludosque
643 1386 676 1440 et
698 1399 768 1439 cnm
791 1379 909 1456 collega
929 1386 961 1440 et
976 1380 1145 1457 separatim
1155 1378 1184 1440 10

143 1484 251 1559 edidit,
276 1503 338 1561 qno
366 1484 487 1544 factum
514 1490 563 1544 est
589 1491 625 1545 ut
650 1484 862 1544 communium
887 1504 1010 1561 quoque
1039 1485 1146 1561 inpen-

143 1609 247 1649 sarum
272 1589 356 1649 solus
385 1589 519 1665 gratiam
545 1596 670 1667 caperet
698 1609 755 1649 nec
783 1590 999 1649 dissimularet
1026 1589 1146 1665 collega

143 1695 208 1754 eius
229 1696 357 1754 Marcus
379 1695 512 1753 Bibulus
537 1695 717 1754 evenisse
745 1694 821 1755 sibi
849 1695 946 1771 quod
974 1694 1144 1754 Polluci:

141 1807 183 1859 ut
211 1800 316 1860 enim
344 1799 503 1876 geminis
532 1799 724 1859 iratribus
752 1799 863 1859 aedes
889 1799 926 1857 in
951 1800 1038 1859 foro
1062 1818 1146 1858 oon-

142 1906 289 1965 stituta
321 1910 472 1965 tantum
504 1905 679 1966 Castoris
712 1910 922 1979 vocaretur,
953 1904 1011 1964 ita
1042 1919 1183 1965 suamio

142 2010 391 2087 Caesarisque
441 2010 753 2070 munificentiam
802 2009 915 2068 unius
965 2009 1144 2070 Caesaris

123 2115 229 2175 adici.
275 2115 402 2174 Adiecit
426 2115 555 2192 insuper
579 2116 692 2175 Caesar
714 2115 810 2174 etiam
834 2114 1056 2191 gladiatorium
1082 2134 1146 2173 rnu-

140 2239 207 2295 nus,
230 2221 286 2280 sed
307 2220 470 2296 aliquanto
492 2220 691 2297 paucioribus
713 2239 808 2296 quam
829 2219 1044 2279 destinaverat
1065 2220 1145 2296 pari·

140 2325 214 2400 bus3
239 2345 314 2386 nam
334 2345 403 2385 cum
424 2325 593 2402 multiplici
613 2325 751 2402 undique
772 2324 894 2385 familia
914 2329 1083 2402 conparata
1101 2325 1146 2384 in-

142 2431 248 2491 imicos
268 2431 482 2506 exterruisset,
503 2438 628 2491 cautum
651 2437 700 2491 est
722 2432 760 2491 de
782 2450 912 2490 numero
934 2430 1184 2507 gladiatorumao

141 2556 262 2613 quone
284 2537 432 2596 maiorem
455 2537 600 2614 cuiquam
621 2537 736 2596 habere
758 2538 875 2596 Rornae
897 2536 1014 2596 liceret.

102 2647 126 2698 11
178 2643 355 2704 Conciliato
376 2643 485 2721 populi
506 2644 614 2703 favore
636 2643 806 2721 temptavit
828 2662 883 2720 per
904 2649 1028 2720 partem
1049 2643 1146 2703 tribu-

141 2769 250 2808 norum
271 2755 308 2809 ut
332 2748 393 2808 sibi
415 2749 580 2827 Aegyptus
605 2749 767 2827 provincia
792 2748 878 2826 plebi
903 2748 982 2808 scito
1006 2748 1143 2823 daretur,

141 2861 272 2914 nanctus
297 2855 538 2915 extraordinarii
568 2855 694 2932 imperii
719 2855 913 2915 occasionem
940 2854 1023 2930 qu'od
1053 2853 1146 2913 Alex-

141 2960 265 3020 andrini
292 2979 397 3036 regern
426 2979 517 3020 suum
546 2962 664 3020 socium
696 2967 792 3038 atque
823 2960 959 3020 amicum
986 2979 1005 3018 a
1033 2965 1183 3019 senatum

142 3066 336 3144 appellatum
350 3067 537 3143 expulerant
557 3085 668 3143 resque
683 3068 778 3143 vulgo
800 3065 1034 3142 inprobabatur.
1077 3064 1145 3124 Nec

143 3171 279 3231 obtinuit
299 3172 485 3231 adversante
511 3172 712 3248 optimatium
735 3172 890 3231 factione:
920 3189 1053 3248 quorum
1077 3188 1146 3229 auc

143 3277 302 3337 toritatem
320 3282 358 3336 ut
379 3277 492 3354 quibus
515 3283 622 3354 posset
642 3277 743 3336 modis
763 3277 797 3334 in
817 3277 917 3336 vicem
938 3275 1144 3348 deminueret,

143 3386 270 3459 tropaea
289 3382 350 3442 Gai
364 3383 448 3442 Mari
462 3383 501 3442 de
514 3383 669 3459 Iugurtha
683 3383 785 3459 deque
801 3381 936 3441 Cimbris
951 3387 1046 3457 atque
1069 3381 1146 3439 Teu·

144 3488 224 3549 tonis
246 3488 321 3546 olim
344 3507 363 3547 a
382 3488 469 3547 Sulla
490 3488 622 3548 disiecta
639 3488 781 3547 restituit
802 3494 897 3564 atque
919 3488 951 3545 in
973 3486 1184 3545 exercendaso

144 3592 181 3650 de
202 3593 309 3652 sicaris
325 3593 507 3670 quaestione
529 3612 580 3652 eos
601 3613 724 3671 quoque
746 3593 929 3651 sicariorum
950 3610 1081 3650 numero
1094 3591 1146 3649 ha

144 3697 211 3757 buit
229 3697 284 3774 qui
304 3697 533 3774 proscriptione
553 3698 592 3756 cb
614 3698 712 3758 relata
732 3698 847 3756 civium
869 3698 1082 3756 Romanorum
1101 3713 1147 3754 ca
