2678 4140
156 204 198 275 74
239 218 269 274 c.
295 219 451 274 susroru
472 219 700 285 russonum
720 184 772 272 nr
796 219 886 272 vnn
909 221 1113 273 censensu

155 393 333 471 libellisque
355 394 495 471 legendis
516 399 572 454 aut
592 393 799 454 rescribendis
819 398 953 468 vacaret,
973 411 1029 452 seu
1050 393 1155 453 studio

156 500 319 577 spectandi
333 518 369 558 ac
383 500 555 576 voluptate,
570 518 633 576 qua
649 499 750 559 teneri
769 517 802 558 se
820 517 920 575 neque
940 497 1155 559 dissimulavit

154 623 303 682 umquam
324 610 356 663 et
377 622 470 680 saepe
491 603 624 680 ingenue
646 603 807 681 professus
829 609 885 663 est.
927 604 1041 680 Itaque
1061 603 1177 662 corola

154 709 233 770 laria
253 716 286 770 et
306 709 445 788 praemia
467 709 501 766 in
524 709 636 768 alienis
660 727 783 786 quoque
805 707 984 768 muneribus
1008 727 1046 768 ac
1070 708 1153 768 ludis

129 821 186 877 aet
210 815 317 875 crebra
341 821 373 874 et
396 815 528 890 grandia
549 814 588 874 de
612 834 668 873 suo
692 813 843 874 offerebat
869 813 1010 891 nullique
1033 814 1154 874 Graeco

154 921 317 980 certamini
345 920 492 980 interfuit
519 940 582 997 quo
605 939 668 979 non
690 939 747 997 pro
771 920 882 979 merito
909 938 1065 996 quemque
1093 939 1155 980 cer·

154 1026 290 1086 tantium
303 1025 473 1085 honorarit.
517 1025 678 1103 Spectavit
697 1031 803 1086 autem
824 1025 1052 1085 studiosissime
1067 1026 1154 1103 pugi-

153 1131 199 1190 les
221 1136 253 1191 et
274 1131 409 1190 maxime
434 1131 574 1205 Latinos,
596 1150 658 1189 non
680 1131 836 1206 legitimos
859 1136 954 1208 atque
978 1130 1153 1191 ordinarios

154 1237 254 1311 modo,
274 1255 351 1314 quos
373 1237 469 1296 etiam
490 1236 685 1296 committere
706 1256 776 1295 cum
797 1236 924 1296 Graecis
946 1235 1076 1312 solebat,
1099 1237 1154 1296 sed

116 1347 186 1401 raet
210 1342 398 1401 catervarios
423 1342 596 1419 oppidanos
621 1342 704 1401 inter
726 1341 887 1418 angustias
913 1341 1055 1401 vicorum
1079 1361 1155 1421 pug-

153 1447 258 1506 nantis
279 1452 396 1506 temere
416 1467 453 1506 ac
474 1447 541 1506 sine
562 1453 638 1507 arte.
681 1447 874 1507 Universum
894 1446 1029 1524 denique
1053 1463 1177 1523 genuss

153 1570 263 1629 operas
291 1552 412 1629 aliquas
442 1553 568 1630 publico
602 1553 779 1630 spectaculo
808 1551 1025 1630 praebentium
1056 1553 1154 1613 etiam

154 1676 227 1717 cura
244 1677 300 1717 sua
318 1658 465 1734 dignatus
484 1664 550 1717 est:
573 1658 702 1718 athletis
722 1664 754 1718 et
773 1659 969 1718 conservavit
985 1658 1154 1736 privilegia

153 1770 185 1824 εὴ
211 1763 386 1840 ampliavit,
413 1763 602 1839 gladiatores
631 1764 697 1823 sine
727 1763 873 1822 missione
902 1763 954 1822 edi
979 1763 1152 1841 prohibuit,

114 1882 144 1927 15
154 1868 371 1928 coercitionem
396 1868 429 1926 in
449 1868 619 1928 histriones
640 1869 874 1944 magistratibus
899 1868 984 1928 omni
1011 1874 1153 1947 tempore

153 1979 185 2033 et
198 1974 266 2033 loco
281 1973 348 2050 lege
366 1979 472 2033 vetere
491 1973 677 2051 permissam
696 1974 815 2033 ademit
830 1979 1050 2051 praeterquam
1068 1974 1153 2034 ludis

152 2084 185 2138 et
206 2098 324 2138 scaena.
366 2081 398 2138 N
400 2099 434 2138 ec
455 2085 560 2139 tamen
582 2099 619 2139 eo
638 2080 742 2139 minus
763 2085 818 2139 aut
841 2079 1036 2158 xysticorum
1057 2085 1177 2140 certas

153 2185 253 2243 tiones
274 2190 330 2244 aut
350 2184 559 2261 gladiatorum
580 2204 700 2262 pugnas
723 2185 918 2245 severissime
941 2204 1064 2262 semper
1086 2205 1154 2245 exe-

153 2291 207 2367 git.
263 2292 346 2350 Nam
378 2291 567 2350 histrionum
597 2292 757 2351 licentiam
787 2292 864 2351 adeo
894 2291 1086 2369 compescuit
1117 2297 1153 2351 ut

114 2396 396 2473 aoStephanionem
417 2397 615 2472 togatarium,
634 2397 683 2455 cui
706 2397 738 2454 in
760 2397 911 2474 puerilem
931 2396 1076 2457 habitum
1097 2397 1153 2456 cir-

153 2508 346 2561 cumtonsam
367 2508 542 2580 matronam
564 2502 759 2562 ministrasse
779 2508 979 2580 compererat,
995 2521 1051 2579 per
1067 2503 1153 2562 trina

152 2607 276 2666 theatra
299 2607 397 2682 virgis
421 2627 545 2667 caesum
566 2606 760 2683 relegaverit,
782 2607 892 2686 Hylan
912 2607 1151 2685 pantomimum,

153 2717 302 2788 querente
323 2717 475 2789 praetore,
497 2712 530 2770 in
550 2713 631 2771 atrio
652 2712 762 2771 domus
784 2731 857 2772 suae
879 2713 1003 2772 nemine
1023 2712 1152 2773 excluso

151 2816 285 2893 flagellis
308 2816 481 2876 verberarit
506 2824 537 2877 ct
559 2818 702 2894 Pyladen
732 2818 807 2877 urbe
830 2824 925 2894 atque
952 2817 1047 2877 Italia
1071 2837 1153 2876 sum·

113 2923 295 2997 anmoverit,
317 2923 401 3000 quod
426 2928 643 2999 spectatorem,
664 2943 683 2982 a
704 2943 765 3000 quo
790 2922 1006 2999 exibilabatur,
1028 2923 1153 2983 demon-

152 3032 284 3087 strasset
297 3027 398 3104 digito
412 3029 675 3106 conspicuumque
689 3030 824 3088 fecisset.

193 3132 244 3190 Ad
258 3133 341 3192 hunc
355 3134 482 3192 modum
498 3134 575 3193 urbe
594 3134 783 3211 urbanisque
803 3135 895 3194 rebus
912 3134 1151 3209 administratis,
1173 3151 1209 3201 46

152 3237 280 3298 Italiam
309 3238 543 3315 duodetriginta
573 3240 762 3299 coloniarum
790 3260 919 3299 numero
946 3240 1151 3300 deductarum

152 3362 171 3403 a
196 3363 228 3403 se
252 3343 467 3420 frequentavit
491 3345 698 3422 operibusque
722 3365 758 3405 ac
782 3346 986 3422 vectigalibus
1016 3345 1150 3424 publicis

113 3448 352 3525 &plurifariam
386 3449 546 3524 instruxit,
576 3450 671 3509 etiam
703 3450 769 3509 iure
796 3470 832 3510 ac
867 3451 1046 3527 dignatione
1080 3450 1151 3509 urbi

153 3555 288 3630 quodam
312 3555 403 3613 modo
427 3573 484 3631 pro
512 3561 601 3631 parte
625 3555 731 3632 aliqua
754 3556 951 3632 adaequavit,
975 3556 1151 3632 excogitato

152 3676 264 3735 genere
286 3658 515 3735 suffragiorum,
537 3678 616 3736 quae
640 3659 679 3718 de
702 3660 937 3736 magistratibus
961 3660 1078 3720 urbicis
1103 3661 1153 3721 de·
