2678 4140
159 267 201 332 10
243 277 273 330 c.
298 275 455 329 suarem
477 274 705 340 reuredum
727 275 776 326 nn
800 275 891 326 vrrs
914 274 1117 328 cansarum

158 451 244 512 tione
261 469 413 511 novorum
431 449 634 526 vectigalium
655 449 880 509 inmoderatius
901 448 1072 508 licerentur
1093 466 1160 525 pro

158 558 264 634 palam
299 556 429 615 monuit.
485 556 598 614 Cetera
628 554 705 615 item
735 573 815 633 quae
847 554 959 631 cuique
991 552 1160 612 libuissent

108 689 113 698 ·
158 662 325 738 dilargitus
347 667 396 721 est
417 667 526 721 contra
546 661 670 719 dicente
691 661 778 719 nullo
796 679 841 735 ac,
857 659 884 718 si
899 664 1064 719 conaretur
1078 658 1159 736 quis,

157 767 334 827 absterrita.
377 768 519 826 Marcum
534 766 685 826 Catonem
702 765 957 843 interpellantem
972 764 1097 825 extrahi
1112 773 1182 823 cn-4

95 932 97 937 s
134 872 205 932 cria
232 891 288 951 per
315 872 458 932 lictorem
492 871 627 948 ducique
654 871 688 930 in
716 890 869 931 carcerem
904 871 1005 930 iussit.
1062 869 1160 929 Lucio

157 978 289 1037 Lucullo
311 977 440 1037 liberius
462 977 624 1037 resistenti
645 981 770 1037 tantum
791 977 1019 1058 calumniarum
1039 981 1160 1036 metum

157 1083 266 1142 iniecit
293 1089 329 1143 ut
356 1083 396 1143 ad
425 1101 525 1160 genua
547 1084 630 1143 ultro
659 1083 718 1142 sibi
746 1083 909 1143 accideret.
953 1081 1102 1142 Cicerone
1126 1081 1160 1139 in

156 1188 273 1247 iudicio
294 1189 430 1264 quodam
451 1188 635 1266 deplorante
657 1195 834 1266 temporum
859 1193 986 1262 statum,
1009 1186 1159 1246 Publium

157 1293 302 1354 Clodium
323 1293 485 1352 inimicum
506 1294 584 1369 eius,
606 1294 726 1354 frustra
747 1295 809 1353 ianr
830 1293 953 1372 pridem
975 1312 994 1352 a
1015 1291 1158 1369 patribus

116 1399 196 1459 read
217 1399 342 1476 plebem
363 1399 497 1459 transire
522 1399 686 1474 nitentem,
708 1399 817 1459 eodem
837 1398 889 1458 die
910 1399 1048 1475 horaque
1076 1415 1159 1456 nona

156 1504 345 1564 transduxit.
396 1505 560 1565 Postremo
588 1504 622 1563 in
649 1504 811 1564 universos
840 1504 982 1564 diversae
1010 1501 1181 1566 factionise

156 1608 293 1668 indicem
314 1654 321 1668 .
345 1609 568 1669 ..inductum
602 1609 751 1687 praemiis
785 1616 822 1668 ut
856 1628 889 1669 se
919 1610 959 1669 de
994 1608 1160 1668 inferenda

155 1714 307 1791 Pompeio
320 1733 396 1774 nece
414 1714 619 1774 sollicitatum
636 1734 655 1774 a
672 1715 860 1791 quibusdam
874 1714 1075 1792 profiteretur
1091 1731 1159 1790 pro

155 1821 331 1896 ductusque
357 1839 415 1897 pro
436 1821 547 1879 rostris
567 1826 710 1880 auctores
732 1838 770 1879 ex
792 1826 942 1897 conpacto
963 1818 1158 1893 nominaret3

117 1939 145 1984 15
156 1925 211 1984 sed
225 1944 287 1984 uno
308 1930 404 2002 atque
424 1925 524 1985 altero
546 1926 666 1985 frustra
685 1944 743 1985 nec
761 1925 829 1984 sine
844 1924 1021 2003 suspicione
1035 1922 1157 1983 fraudis

155 2031 336 2105 nominatis,
351 2031 520 2109 desperans
536 2037 601 2090 tam
616 2030 799 2109 praecipitis
815 2030 938 2090 consilii
952 2034 1102 2090 eventum
1115 2028 1159 2086 in-

155 2136 325 2214 tercepisse
339 2155 459 2196 veneno
473 2136 608 2196 indicem
623 2137 768 2196 creditur.

78 2256 82 2267 ·
196 2241 261 2301 Sub
281 2242 366 2302 idem
394 2248 519 2319 tempus
542 2242 745 2320 Calpurniam
766 2243 801 2302 L.
824 2241 949 2302 Pisonis
973 2240 1074 2301 filiam
1095 2258 1160 2300 suo·
1181 2249 1204 2300 21

155 2349 273 2408 cessuri
295 2348 355 2408 sibi
370 2349 403 2407 in
418 2349 582 2408 consulatu
601 2349 693 2408 duxit
714 2368 842 2408 uxorem
858 2367 1016 2425 suamque,
1032 2347 1158 2421 Iuliam,
1172 2404 1174 2409 .

4 2502 8 2509 .
114 2454 263 2514 20Gnaeo
278 2454 429 2531 Pompeio
449 2454 633 2529 conlocavit,
650 2455 816 2531 repudiato
835 2455 938 2531 priore
958 2471 1073 2530 sponso
1094 2453 1160 2512 Ser-

154 2558 232 2618 vilio
260 2559 425 2636 Caepione,
448 2560 535 2618 cuius
564 2559 615 2618 vel
643 2560 812 2638 praecipua
839 2578 934 2636 opera
962 2559 1056 2636 paulo
1085 2563 1158 2617 ante

156 2662 305 2722 Bibulum
342 2663 580 2742 inpugnaverat.
637 2665 684 2724 Ac
720 2671 792 2742 post
820 2684 933 2725 novam
961 2663 1158 2723 adfinitatem

154 2768 341 2845 Pompeium
356 2769 494 2846 primum
515 2790 624 2846 rogare
646 2771 835 2831 sententiam
857 2769 969 2848 coepit,
985 2788 1056 2829 cum
1071 2768 1160 2828 Cras-

155 2892 225 2933 sum
247 2874 362 2934 soleret
384 2882 529 2952 essetque
551 2877 742 2936 consuetudo
766 2882 802 2936 ut
830 2895 924 2952 quem
949 2875 1090 2935 ordinem
1116 2875 1160 2932 in·

118 2980 336 3055 acterrogandi
358 2981 530 3041 sententias
553 2982 659 3040 consul
682 2981 755 3040 Kal.
777 2981 934 3040 Ianuariis
956 2979 1158 3054 instituisset,

155 3101 226 3144 eum
241 3089 310 3144 toto
322 3103 405 3145 anno
419 3093 624 3147 conservaret.

196 3191 308 3250 Socero
329 3191 427 3266 igitur
447 3210 622 3270 generoque
645 3193 889 3271 suffragantibus
915 3213 953 3253 ex
977 3192 1064 3253 omni
1091 3206 1204 3271 pre-b

154 3295 331 3355 vinciarum
346 3297 435 3376 copia
450 3298 570 3358 Gallias
588 3300 788 3377 potissimum
804 3300 908 3377 elegit,
920 3299 1030 3359 tcuius
1046 3298 1161 3359 emolu·

155 3408 262 3461 mento
277 3408 309 3462 et
323 3404 560 3481 opportunitate
581 3405 693 3464 idonea
708 3405 751 3465 sit
765 3405 1159 3483 materiatriumphorum.

115 3508 198 3567 30Et
227 3508 320 3569 initio
344 3510 472 3587 quidem
498 3510 635 3570 Galliam
660 3511 855 3588 Cisalpinam
880 3510 1012 3589 Illyrico
1036 3511 1160 3586 adiecto

155 3613 224 3691 lege
235 3616 365 3675 Vatinia
375 3616 513 3693 accepit3
535 3634 606 3675 mox
621 3635 677 3693 per
692 3622 836 3676 senatum
851 3615 1014 3675 Comatam
1026 3635 1159 3694 quoque,

156 3721 266 3780 veritis
288 3721 431 3798 patribus
460 3739 509 3796 ne,
531 3721 558 3780 si
586 3721 648 3799 ipsi
669 3726 846 3798 negassent,
868 3721 1004 3799 populus
1026 3727 1059 3781 et
1079 3721 1161 3782 hanc
