2678 4140
467 250 579 301 umaa
601 249 625 301 1.
660 250 773 302 arvos
796 250 919 303 mirus
1081 280 1086 287 -
1154 238 1195 303 35

115 420 179 475 70
233 421 420 483 Decimanos
439 428 545 482 autem
567 398 684 483 Romae
706 442 777 482 cum
798 423 978 501 ingentibus
1000 424 1094 502 minis
1117 444 1197 484 sum·

197 546 306 604 moque
341 527 437 587 etiam
470 527 558 586 urbis
600 528 740 605 periculo
775 529 956 589 missionem
990 535 1023 589 et
1057 530 1196 608 praemia

180 633 382 715 ¹flagitantes,
409 633 540 693 ardente
568 639 644 692 tunc
668 634 701 691 in
730 633 841 694 Africa
861 635 953 710 bello,
980 655 1081 712 neque
1109 636 1196 695 adire

197 745 361 813 cunctatus
381 746 439 815 est,
468 759 647 817 quanquam
680 741 911 800 deterrentibus
940 741 1060 817 amicis,
1095 761 1196 819 neque

196 845 354 906 dimittere
366 869 372 921 3
395 847 449 905 sed
463 866 526 906 una
537 850 620 920 vcce,
633 865 695 922 qua
709 847 894 916 Quirites
906 867 958 907 eos
973 867 1031 926 pro
1041 847 1220 907 militibust

195 953 380 1030 appellarat,
401 958 468 1013 tam
488 953 582 1012 facile
604 952 788 1028 circumegit
808 958 841 1012 et
860 953 951 1013 flexit
970 959 1009 1013 ut
1029 953 1058 1012 ei
1079 952 1196 1012 milites

196 1076 262 1117 esse
277 1057 446 1117 confestim
460 1057 680 1135 responderint
695 1062 728 1116 et
742 1058 886 1135 quamvis
902 1063 1098 1118 recusantem
1112 1057 1197 1117 ultro

196 1163 227 1221 in
253 1163 397 1222 Africam
424 1163 490 1222 sint
511 1164 628 1239 secuti3
649 1183 686 1224 ac
709 1164 754 1223 sio
776 1183 900 1241 quoque
922 1163 1197 1223 seditiosissimum

196 1286 351 1345 quemque
389 1273 422 1327 et
455 1259 589 1345 praedae
624 1274 657 1328 et
690 1269 759 1346 agri
793 1269 945 1329 destinati
979 1268 1074 1328 tertia
1108 1274 1198 1346 parte

196 1374 351 1434 multavit.
1208 1385 1238 1431 10

132 1479 175 1533 71
235 1479 383 1538 Studium
404 1484 437 1539 et
456 1479 535 1540 fides
556 1499 631 1556 erga
661 1480 785 1541 clientis
806 1499 846 1541 ne
874 1480 981 1540 iuveni
1001 1480 1129 1558 quidem
1150 1478 1200 1538 de-

196 1583 333 1645 fuerunt.
383 1585 578 1645 Masintham
606 1586 744 1646 nobilem
774 1586 927 1660 iuvenem,
950 1605 1020 1644 eum
1048 1586 1198 1644 adversus

196 1689 414 1767 Hiempsalem
443 1709 548 1767 regem
583 1695 649 1750 tam
679 1691 770 1750 enixe
806 1691 1002 1750 defendisset
1033 1696 1070 1749 ut
1102 1690 1199 1749 Iubae

197 1795 277 1871 regis
291 1794 358 1854 filio
373 1795 407 1853 in
420 1795 624 1856 altercatione
638 1795 768 1856 barbam
782 1795 943 1870 invaserit,
958 1795 1199 1874 stipendiarium

196 1919 319 1977 quoque
340 1901 579 1977 pronuntiatum
601 1907 634 1960 et
660 1901 916 1962 abstrahentibus
946 1901 1055 1961 statim
1082 1900 1200 1978 eripuit
1210 1915 1239 1960 15

197 2005 427 2082 occultavitque
449 2007 534 2083 apud
558 2026 590 2066 se
613 2006 669 2065 diu
698 2013 731 2066 et
752 2026 825 2065 mox
848 2026 887 2066 ex
910 2011 1058 2084 praetura
1080 2005 1201 2083 profici-

197 2129 285 2170 scens
306 2111 339 2169 in
361 2111 551 2188 Hispaniam
571 2112 655 2171 inter
677 2112 777 2172 officia
804 2111 1061 2190 prosequentium
1088 2111 1201 2170 fasces

197 2235 256 2292 que
270 2216 418 2276 lictorum
432 2217 545 2276 lectica
559 2236 616 2277 sua
629 2217 745 2277 avexit.

146 2326 180 2377 72
236 2321 364 2381 Amicos
380 2326 470 2381 tanta
485 2341 616 2409 semper¹
630 2322 786 2382 facilitate
808 2322 1068 2399 indulgentiaque
1088 2327 1201 2382 tracta

197 2426 244 2486 vit
263 2432 301 2487 ut
322 2426 402 2486 Gaio
424 2427 529 2504 Oppio
558 2428 724 2487 comitanti
747 2447 779 2486 se
803 2447 859 2505 per
884 2427 1029 2487 silvestre
1052 2427 1113 2486 iter
1139 2441 1239 2488 cor-ao

198 2537 349 2610 raptoque
382 2532 492 2604 subita,
529 2532 708 2592 valitudine
739 2532 950 2591 deversoriolo
985 2533 1068 2609 quod
1102 2551 1200 2590 unum

198 2642 264 2696 erat
289 2636 419 2696 cesserit
440 2640 473 2696 et
495 2637 563 2714 ipse
586 2637 674 2696 humi
699 2656 736 2696 ao
758 2637 816 2696 sub
838 2637 912 2696 divo
937 2637 1088 2696 cubuerit.
1131 2638 1200 2696 Iam

197 2747 303 2801 autem
324 2760 428 2800 rerum
453 2747 564 2818 potens
589 2743 742 2819 quosdam
766 2742 863 2802 etiam
888 2742 989 2801 infimi
1013 2741 1135 2819 generis
1159 2741 1199 2800 ad

197 2845 409 2924 amplissimos
437 2846 569 2906 honores
599 2847 754 2924 provexit,
783 2866 854 2906 cum
881 2847 921 2906 ob
948 2847 981 2905 id
1011 2846 1199 2925 culparetur,

198 2934 360 3029 professus
391 2951 497 3029 palam
528 2952 562 3011 si
593 2958 865 3029 grassatorum
896 2958 935 3012 et
966 2952 1241 3013 sicariorumat

198 3075 267 3134 ope
295 3056 336 3115 in
364 3055 511 3117 tuenda
535 3076 605 3117 sua
627 3057 830 3134 dignitate
855 3076 947 3116 usus
972 3062 1087 3132 esset,
1110 3056 1201 3117 tali·

198 3161 266 3222 bus
296 3180 449 3239 quoque
478 3181 516 3222 se
544 3182 675 3241 parem
704 3163 873 3239 gratiam
901 3162 1128 3222 relaturum.

148 3271 179 3324 73
239 3267 423 3328 Simultates
441 3274 549 3328 contra
569 3269 672 3328 nullas
691 3274 757 3328 tam
774 3287 885 3345 graves
906 3268 1031 3346 excepit
1051 3286 1201 3345 umquam

199 3378 310 3434 utnon
328 3375 488 3435 occasione
509 3375 614 3436 oblata
635 3375 736 3435 libens
758 3376 937 3453 deponeret.
982 3375 1042 3435 Gai
1060 3373 1200 3448 Memmi,

201 3479 286 3539 cuius
308 3481 491 3558 asperrimis
514 3482 707 3541 orationibus
732 3500 796 3540 non
820 3481 939 3540 minore
962 3480 1133 3540 acerbitate
1158 3496 1239 3542 re-ao

201 3584 378 3663 scripserat,
393 3585 489 3646 etiam
503 3587 692 3663 suffragator
705 3606 777 3646 mox
795 3587 828 3646 in
846 3586 1001 3665 petitione
1021 3586 1201 3647 consulatus

201 3688 270 3750 fuit.
314 3690 394 3752 Gaio
418 3691 515 3752 Calvo
543 3698 615 3771 post
642 3693 763 3753 famosa
791 3693 1018 3770 epigrammata
1037 3693 1077 3752 de
1100 3711 1203 3752 recon-
