2678 4140
361 248 474 302 arena
497 251 534 303 11.
570 251 683 303 arvos
706 251 898 303 auousrus
1091 240 1130 306 57

116 422 234 498 pontis
257 423 483 483 consauciatus.
527 423 662 500 Reliqua
676 443 733 501 per
746 424 866 500 legatos
888 424 1134 500 administravit,

114 534 163 588 ut
184 533 294 588 tamen
314 527 503 606 quibusdam
526 528 716 588 Pannonicis
740 540 835 606 atque
861 530 1056 590 Germanicis
1079 535 1135 590 aut
1214 605 1217 610 ⁴

110 631 338 694 interveniret
351 638 407 694 aut
421 653 484 694 non
497 634 590 710 longe
604 634 738 710 abesset,
754 635 938 695 Ravennam
953 635 1004 695 vel
1019 635 1137 696 Medio

110 737 250 800 lanium
264 739 315 799 vel
329 737 510 816 Aquileiam
524 759 624 816 usque
638 739 678 800 ab
692 740 769 800 urbe
783 741 996 818 progrediens.

10 843 64 894 21
165 845 302 905 Domuit
331 851 437 905 autem
469 846 587 924 partim
618 846 715 905 ductu
747 846 864 924 partim
891 846 1041 925 auspiciis
1071 847 1160 908 suist

114 938 342 1027 Cantabriam,
371 951 586 1028 Aquitaniam,
615 952 820 1028 Pannoniam,
844 952 1037 1013 Delmatiam
1066 971 1136 1012 oum

115 1056 261 1134 Illyrico
286 1056 380 1132 omni,
402 1057 480 1116 item
505 1056 650 1117 Raetiam
672 1063 704 1117 et
724 1057 906 1117 Vindelicos
927 1076 964 1117 ac
986 1057 1136 1132 Salassos,

120 1167 240 1238 gentes
250 1162 423 1240 Inalpinas.
456 1162 601 1222 Coerouit
611 1167 644 1222 et
653 1163 811 1222 Dacorum
822 1162 1025 1238 incursiones,
1035 1162 1136 1222 tribus

124 1286 239 1327 eorum
263 1266 395 1327 ducibus
421 1285 491 1326 cum
516 1286 629 1343 magna
654 1266 744 1345 copia
769 1267 877 1342 caesis,
901 1268 1137 1345 Germanosque

126 1373 216 1433 ultra
237 1372 346 1431 Albim
366 1372 498 1432 fluvium
520 1372 700 1447 summovit,
716 1372 883 1449 exquibus
906 1372 1030 1434 Suebos.
1041 1378 1073 1432 et
1093 1372 1176 1433 si-10

132 1477 277 1553 gambros
299 1476 443 1537 dedentis
459 1496 492 1537 se
507 1477 650 1537 traduxit
667 1477 700 1535 in
720 1477 858 1537 Galliam
878 1483 974 1554 atque
988 1478 1022 1536 in
1036 1478 1138 1556 proxi-

133 1583 191 1642 mis
214 1582 326 1642 Rheno
346 1583 430 1658 agris
453 1583 636 1643 conlocavit.
679 1582 769 1643 Alias
792 1583 868 1643 item
890 1584 1034 1643 nationes
1057 1583 1137 1643 male

85 1703 122 1750 2
134 1688 255 1765 quietas
270 1689 310 1748 ad
325 1688 509 1765 obsequium
527 1688 657 1765 redegit.
699 1689 731 1747 N
733 1708 767 1748 ec
781 1688 840 1747 ulli
860 1689 947 1765 genti
962 1689 1029 1749 sine
1045 1688 1144 1749 iustis

135 1798 166 1853 et
188 1793 373 1854 necessariis
400 1794 501 1853 causis
526 1794 644 1854 bellum
669 1794 781 1854 intulit
805 1799 991 1872 tantumque
1016 1794 1100 1854 afuit
1120 1813 1139 1854 a

136 1899 308 1977 cupiditate
328 1918 454 1975 quoquo
474 1899 565 1958 modo
584 1899 753 1977 imperium
772 1900 822 1959 vel
841 1899 987 1960 bellicam
1006 1900 1138 1976 gloriam
1149 1913 1177 1959 15

136 2003 269 2080 augendi
295 2009 333 2062 nt
360 2004 556 2080 quorundam
583 2004 787 2064 barbarorum
814 2004 973 2082 principes
1002 2004 1035 2063 in
1063 2005 1139 2065 aede

137 2109 248 2169 Martis
260 2109 385 2168 Ultoris
401 2109 504 2168 iurare
519 2110 656 2185 coegerit
669 2129 832 2170 mansuros
845 2129 878 2170 se
889 2110 923 2169 in
937 2109 999 2170 fide
1013 2129 1050 2170 ac
1063 2128 1140 2189 pace

137 2233 229 2290 qnam
243 2219 398 2291 peterent,
412 2234 432 2274 a
446 2214 635 2291 quibusdam
648 2234 723 2274 vero
737 2235 854 2275 novum
873 2234 971 2291 genus
986 2215 1139 2290 obsidum,

138 2319 280 2394 feminas,
297 2320 420 2395 exigere
435 2320 651 2397 temptaverit,
663 2320 747 2397 quod
761 2321 925 2396 neglegere
940 2340 1061 2381 marum
1076 2318 1142 2398 pig'-

137 2443 211 2485 nera
235 2424 409 2500 sentiebat3
438 2431 471 2484 et
495 2430 601 2484 tamen
629 2431 820 2503 potestatem
849 2445 972 2504 semper
996 2426 1180 2485 omnibusne

138 2530 214 2590 fecit
241 2530 387 2608 quotiens
416 2530 536 2590 vellent
563 2530 687 2590 obsides
717 2531 897 2609 recipiendi.
947 2533 1059 2609 Neque
1086 2536 1142 2592 aut

140 2635 274 2695 crebrius
299 2640 355 2695 aut
383 2615 582 2713 perfidiosius
611 2636 793 2695 rebellantis
822 2637 965 2712 graviore
992 2655 1142 2714 umquam

139 2740 222 2801 ultus
244 2746 293 2801 est
314 2760 415 2818 poena
434 2761 529 2817 quam
547 2748 585 2801 ut
604 2741 745 2818 captivos
768 2741 916 2818 sublege
938 2743 1141 2817 venundaret,

139 2866 176 2906 ne
190 2847 224 2906 in
237 2847 343 2907 vicina
358 2847 482 2923 regione
499 2847 656 2907 servirent
669 2866 748 2907 neve
762 2848 847 2907 intra
862 2836 1078 2908 tricensimum
1092 2868 1144 2908 an-

120 2965 213 3011 snnm
237 2952 455 3012 liberarentur.
499 2953 566 3022 Qua
588 2952 717 3012 virtutis
747 2953 1033 3030 moderationisque
1058 2954 1182 3014 famant

141 3058 235 3118 Indos
250 3057 348 3118 etiam
362 3077 399 3118 ao
414 3057 548 3136 Scythas
567 3058 679 3118 auditu
694 3059 786 3118 modo
801 3059 942 3134 cognitos
957 3059 1089 3136 pellexit
1103 3060 1143 3119 ad

140 3165 311 3225 amicitiam
327 3184 416 3225 suam
437 3165 609 3243 populique
625 3166 714 3224 Rom.
730 3165 814 3224 ultro
829 3185 885 3243 per
900 3166 1019 3241 legatos
1039 3172 1144 3244 peten-

141 3270 219 3330 dam.
262 3271 374 3331 Parthi
394 3278 564 3348 quoquest
579 3271 762 3330 Armeniam
779 3271 954 3330 vindicanti
971 3271 1065 3331 facile
1084 3290 1145 3331 ces-

143 3381 250 3437 serunt
266 3382 298 3438 et
317 3377 406 3454 signa
427 3378 577 3437 militaria
595 3397 674 3454 quae
692 3379 736 3436 M.
758 3377 869 3437 Crasso
892 3386 923 3437 et
944 3379 988 3437 Μ.
1005 3378 1144 3437 Antonio

142 3482 322 3543 ademerant
354 3483 530 3561 reposcenti
561 3483 766 3543 reddiderunt
797 3484 984 3560 obsidesque
1016 3483 1184 3560 insuperto

143 3587 339 3665 optulerunt3
358 3588 502 3666 denique,
518 3588 662 3666 pluribus
678 3588 836 3665 quondam
854 3589 892 3647 de
912 3607 1007 3664 regno
1025 3607 1145 3648 concer-

144 3691 293 3767 tantibus,
308 3710 371 3751 non
384 3692 447 3752 nisi
460 3692 501 3753 ab
515 3693 584 3770 ipso
599 3693 733 3753 electum
748 3693 969 3770 probaverunt.
