2678 4140
313 289 317 293 ,
400 245 513 297 urana
536 245 573 297 11.
610 245 724 299 mvus
747 244 938 300 nususrus
1130 236 1172 302 53

139 435 251 478 nrum
264 418 351 480 afuit
368 418 446 496 quin
465 418 583 496 periret
603 437 754 479 concursu
774 424 806 480 et
825 419 1041 496 indignatione
1061 420 1171 481 turbae

141 523 323 585 militaris.
366 523 469 584 Saluti
496 523 561 584 fuit
590 524 674 601 quod
701 524 757 601 qui
780 524 1017 585 desiderabatur
1041 531 1171 603 repente

141 629 343 708 comparuit
366 628 532 689 incolumis
556 647 593 689 ac
615 628 682 689 sine
704 629 828 689 iniuria.
871 629 962 690 Circa
982 630 1171 690 Perusinum

142 741 271 795 autem
293 753 418 794 murum
438 734 616 794 sacrificans
638 753 737 812 paene
756 734 949 812 interceptus
967 741 1017 796 est
1036 755 1056 796 a
1077 756 1171 798 manu

147 841 386 917 gladiatorum,
401 859 481 918 quae
495 832 612 918 oppido
627 846 781 918 eruperat.
1179 860 1194 904 5

49 944 97 995 [ὃ
203 947 339 1007 Perusia
357 947 498 1025 captain
516 947 669 1024 plurimos
689 947 923 1024 animadvertit,
938 968 1026 1010 orare
1046 949 1171 1010 veniam
1285 994 1300 1021 ,

154 1053 215 1112 vel
231 1071 381 1113 excusare
395 1072 428 1113 se
444 1052 628 1113 conantibus
646 1072 709 1113 una
722 1072 797 1113 voce
812 1073 987 1130 occurrens,
1005 1055 1172 1115 morien-

160 1158 256 1218 dum
287 1177 381 1219 esse.
428 1158 577 1218 Scribunt
603 1158 733 1236 quidam
760 1163 917 1219 trecentos
945 1179 985 1220 ex
1011 1159 1170 1242 dediticiis

164 1263 282 1324 electos
303 1264 469 1342 utriusque
489 1263 608 1323 ordinis
624 1265 664 1324 ad
682 1283 769 1324 aram
787 1264 871 1324 Divo
889 1264 973 1325 Iulio
995 1270 1171 1325 extructam

167 1368 278 1429 Idibus
305 1370 433 1429 Martiis
460 1369 635 1429 hostiarum
663 1389 748 1429 more
776 1375 937 1430 mactatos.
985 1370 1171 1430 Extiterunt
1180 1381 1210 1428 10

168 1474 222 1551 qui
248 1474 413 1535 traderent
440 1480 589 1552 conpecto
616 1493 689 1534 eum
715 1475 756 1535 ad
788 1493 875 1535 arma
902 1476 964 1535 isse
991 1481 1029 1535 ut
1056 1475 1170 1536 occulti

168 1579 340 1640 adversarii
363 1585 397 1640 et
420 1599 498 1657 quos
523 1586 626 1640 metus
651 1581 751 1656 magis
778 1599 874 1658 quam
901 1581 1047 1641 voluntas
1076 1581 1172 1640 conti-

168 1690 264 1760 neret,
286 1684 439 1745 facultate
461 1686 496 1744 L.
519 1685 640 1745 Antoni
663 1685 752 1745 ducis
776 1685 928 1763 praebita,
950 1686 1171 1762 detegerentur

168 1789 363 1867 devictisque
380 1790 407 1850 is
428 1796 461 1851 et
480 1789 656 1851 confiscatis
676 1790 832 1869 promissa
852 1792 1010 1852 veteranis
1032 1791 1171 1870 praemia

169 1895 372 1956 solverentur.
1180 1911 1209 1956 rc

109 1989 149 2046 1⁶
207 2000 346 2060 Siculum
372 2001 492 2062 bellum
518 2002 680 2062 incohavit
704 2003 737 2061 in
761 2003 882 2080 primis,
907 2003 962 2063 sed
989 2003 1045 2062 diu
1072 2002 1171 2063 traxit

169 2105 384 2167 intermissum
398 2108 539 2185 saepius·
548 2108 640 2168 modo
653 2108 898 2185 reparandarum
910 2108 1057 2168 classium
1068 2127 1169 2184 causa,

169 2231 245 2288 quas
272 2212 516 2290 tempestatibus
551 2212 685 2290 duplici*
706 2212 871 2289 naufragio
899 2218 932 2273 et
959 2213 1087 2291 quidem
1114 2232 1170 2292 per

168 2322 320 2378 aestatem
344 2316 502 2393 amiserat,
527 2317 620 2377 modo
647 2337 724 2395 pace
751 2318 845 2392 facta,
868 2317 1031 2407 flagitante
1053 2319 1170 2396 populo

169 2422 206 2482 ob
232 2422 420 2482 interclusos
448 2428 639 2483 commeatus
674 2422 853 2500 famemque
884 2423 1209 2499 ingravescentem320

168 2527 274 2604 donec,
303 2527 436 2587 navibus
461 2547 500 2588 ex
528 2528 651 2604 integro
679 2527 842 2588 fabricatis
869 2547 905 2588 ao
933 2528 1047 2604 viginti
1071 2548 1172 2588 servo

168 2652 237 2692 rum
264 2632 393 2692 milibus
422 2633 622 2693 manumissis
651 2638 684 2692 et
710 2632 751 2693 ad
779 2651 899 2692 remum
930 2633 1023 2709 datis,
1044 2639 1171 2712 portum

168 2739 286 2798 Iulium
313 2738 398 2816 apud
428 2738 521 2799 Baias
547 2737 678 2798 inmisso
702 2739 736 2796 in
760 2739 932 2798 Lucrinum
956 2745 989 2799 et
1009 2739 1170 2799 Avernum

167 2843 270 2904 lacum
297 2843 377 2904 mari
408 2843 521 2904 effecit.
577 2845 618 2903 In
646 2863 708 2922 quo
740 2863 811 2903 cum
839 2843 942 2904 hieme
970 2850 1037 2905 tota
1065 2845 1169 2922 copias

167 2926 367 3024 exercuisset,
389 2949 576 3027 Pompeium
604 2948 687 3009 inter
715 2950 821 3028 Mylas
846 2955 879 3009 et
902 2950 1101 3010 Naulochum
1123 2964 1208 3010 suat

167 3055 299 3132 paravit,
328 3053 387 3115 sub
410 3054 520 3115 horam
547 3074 671 3133 pugnae
698 3060 764 3115 tam
798 3060 868 3116 arto
899 3061 1027 3133 repente
1062 3075 1170 3115 somno

167 3159 331 3220 devinctus
352 3165 389 3220 ut
409 3161 448 3220 ad
471 3160 610 3220 dandum
631 3161 756 3236 signum
779 3160 820 3220 ab
840 3160 949 3220 amicis
970 3161 1168 3221 excitaretur.

143 3265 261 3325 aUnde
280 3265 455 3344 praebitam
474 3265 613 3325 Antonio
632 3266 797 3326 materiam
815 3272 925 3344 putem
942 3266 1168 3345 exprobrandi:

167 3389 213 3431 ne
237 3371 353 3431 rectis
378 3371 528 3449 quidem
552 3371 673 3431 oculis
699 3391 779 3430 eum
804 3372 974 3450 aspicere
998 3372 1169 3451 potuisse

167 3475 408 3537 instructam
432 3477 564 3552 aciem,
588 3495 715 3537 verum
737 3477 929 3555 supinum,
952 3478 1101 3538 caelum
1121 3477 1208 3536 in-ao

167 3586 353 3656 tuentem,
389 3582 594 3659 stupidum
630 3581 815 3641 cubuisse
848 3601 919 3641 neo
950 3583 1060 3659 prius
1088 3602 1170 3642 sur-

168 3687 321 3747 rexisse
348 3706 391 3747 ac
423 3687 625 3747 n'rilitibus
654 3687 693 3746 in
725 3693 980 3765 conspectum
1000 3688 1169 3772 'venisse
