2678 4140
151 216 214 294 102'
249 241 279 294 c.
306 242 461 294 sunronr
484 242 711 305 ramounm
733 242 783 292 nn
807 241 899 291 vrrs
921 241 1127 293 clusinum

151 433 221 475 cum
242 414 356 475 silvam
376 415 529 488 caederet,
546 413 689 474 arborem
709 413 833 492 palmae
853 419 1012 492 repertam
1033 433 1156 475 conser-

150 519 218 580 vari
245 525 282 580 ut
310 538 401 579 omen
428 518 579 579 victoriae
607 519 717 595 iussit3
749 538 787 579 ex
815 539 851 579 ea
880 519 1028 580 continuo
1060 525 1155 580 enata

151 625 274 686 suboles
299 625 377 685 adeo
401 625 435 684 in
459 625 567 703 paucis
593 625 703 684 diebus
727 625 867 686 adolevit
893 631 930 685 ut
957 644 1021 685 non
1048 626 1155 703 aequi-

150 737 275 809 peraret
295 731 387 790 modo
412 731 584 805 matricem,
605 749 715 789 verum
735 736 769 790 et
789 731 950 807 obtegeret
974 731 1154 808 frequenta

125 841 298 913 areturque
327 836 540 896 columbarum
566 836 661 910 nidis,
686 837 830 912 quamvis
858 836 891 896 id
918 837 1025 897 avium
1052 856 1152 914 genus

149 941 260 1002 duram
276 947 309 1001 ‘et
326 960 471 1019 asperam
489 941 635 1000 frondem
653 941 788 1000 maxime
802 941 892 1002 vitet.
934 941 997 1001 Illo
1014 947 1048 1002 et
1066 961 1154 1020 prae·

151 1047 241 1124 cipue
262 1051 386 1105 ostento
411 1050 530 1105 motum
555 1046 720 1105 Caesarem
742 1046 851 1107 ierunt
874 1065 914 1107 ne
936 1066 1029 1123 quem
1053 1046 1152 1107 alium

150 1152 211 1212 sibi
225 1151 390 1211 succedere
405 1170 499 1237 quam
513 1151 628 1211 sororis
642 1156 791 1228 nepotem
804 1151 910 1211 vellet

190 1259 235 1325 In¹
261 1275 384 1317 secessu
415 1256 602 1334 Apolloniae
634 1256 809 1332 Theogenis
842 1256 1057 1319 mathematici
1086 1278 1190 1337 per-12

113 1363 256 1440 legulam
280 1362 393 1422 comite
415 1361 558 1439 Agrippa
582 1361 784 1436 ascenderat;
812 1381 883 1422 cum
904 1363 1076 1441 Agrippae,
1098 1364 1154 1441 qui

151 1468 237 1547 prior
265 1466 454 1542 consulebat,
481 1485 593 1542 magna
620 1473 653 1526 et
680 1486 778 1544 paene
808 1467 1005 1529 incredibilia
1033 1469 1155 1547 praedi-

151 1578 304 1648 cerentur,
326 1572 456 1632 reticere
478 1572 546 1650 ipse
568 1572 746 1648 genituram
771 1591 859 1633 suam
879 1592 938 1633 nec
957 1573 1040 1632 velle
1061 1573 1154 1634 edere

150 1677 371 1757 perseverabat
406 1683 492 1737 metu
525 1696 562 1737 ao
593 1678 712 1756 pudore
744 1696 783 1737 ne
806 1678 916 1737 minor
937 1678 1153 1755 inveniretur.

151 1785 219 1855 Qua
240 1789 345 1843 tamen
366 1788 439 1859 post
458 1782 574 1842 multas
592 1783 829 1843 adhortationes
847 1783 902 1841 vix
920 1788 953 1842 et
970 1789 1156 1845 cunctanter

114 1899 142 1946 15
152 1889 237 1949 edita
251 1888 375 1948 exilivit
390 1888 571 1963 Theogenes
586 1888 792 1964 adoravitque
806 1907 886 1947 eum.
932 1890 1068 1948 Tantam
1082 1908 1156 1949 mox

151 1994 299 2054 fiduciam
327 1993 388 2053 fati
416 1994 580 2069 Augustus
608 1992 720 2053 habuit
743 1999 780 2053 ut
803 1993 910 2053 thema
934 2012 1026 2052 suum
1050 1995 1158 2070 vulga-

152 2099 235 2160 verit
261 2117 487 2175 nummumque
515 2104 698 2174 argenteum
722 2104 798 2158 nota
822 2097 934 2157 sideris
963 2098 1158 2177 Capricorni,

152 2225 214 2283 quo
234 2210 327 2266 natus
349 2209 407 2279 est,
426 2203 626 2281 percusserit.

193 2311 271 2370 Post
295 2329 403 2369 necem
429 2309 570 2369 Caesaris
596 2328 721 2369 reverso
745 2310 785 2369 ab
809 2309 979 2387 Apollonia
1003 2316 1036 2371 et
1059 2311 1193 2386 ingre-t

114 2417 259 2476 andiente
281 2434 317 2474 eo
338 2415 457 2490 urbem,
481 2419 610 2491 repente
631 2415 753 2491 liquido
773 2433 810 2474 ac
830 2434 909 2492 puro
931 2433 1041 2474 sereno
1062 2416 1158 2475 circu-

153 2523 202 2581 lus
230 2522 271 2580 ad
298 2520 435 2598 speciem
464 2520 608 2579 caelestis
636 2538 726 2579 arcus
751 2519 858 2578 orbem
886 2519 961 2579 solis
985 2520 1100 2582 ambiit
1121 2540 1157 2581 ac

154 2626 286 2687 subinde
300 2625 402 2684 Iuliae
416 2624 557 2684 Caesaris
574 2623 659 2683 filiae
674 2624 901 2698 monimentum
912 2623 1047 2684 fulmine
1058 2625 1157 2686 ictum

153 2738 210 2793 est.
253 2731 360 2791 Primo
381 2735 487 2790 autem
509 2729 673 2789 consulatu
691 2734 723 2788 et
739 2729 905 2805 augurium
925 2729 1064 2806 capienti
1084 2731 1159 2790 duo·

153 2837 255 2897 decim
277 2855 309 2896 se
331 2835 472 2894 vultures
494 2840 531 2894 ut
550 2835 685 2894 Romulo
704 2835 910 2894 ostenderunt
928 2840 960 2894 et
978 2835 1157 2896 immolanti

116 2942 294 3004 momnium
321 2941 521 3000 victimarum
550 2940 687 2999 iocinera
718 2940 870 3018 replicata
899 2940 1089 3001 intrinsecus
1117 2941 1159 3012 ab

154 3048 218 3108 ima
233 3047 313 3107 fibra
332 3053 513 3125 paruerunt,
528 3046 653 3105 nemine
674 3045 848 3122 peritorum
869 3045 962 3104 aliter
983 3045 1157 3106 coiectante

155 3172 249 3230 quam
263 3154 346 3213 laeta
360 3172 416 3230 per
430 3151 506 3211 haec
521 3158 553 3211 et
568 3171 680 3227 magna
693 3151 848 3229 portendi.

194 3259 277 3330 Quin
301 3264 334 3319 et
359 3255 513 3318 bellorum
541 3257 680 3316 omnium
709 3262 840 3317 eventus
868 3262 942 3317 ante
969 3257 1155 3335 praesensit.
1180 3269 1193 3318 9

55 3414 63 3430 .
156 3364 332 3425 Contractis
347 3363 387 3423 ad
403 3363 576 3423 Bononiam
591 3362 828 3421 triumvirorum
844 3362 951 3440 copiis,
966 3363 1073 3438 aquila
1093 3369 1158 3423 ten-

117 3470 236 3530 aotorio
261 3470 327 3529 eius
345 3468 562 3546 ¹supersedens
587 3467 665 3526 duos
691 3485 798 3526 corvos
825 3467 899 3527 hinc
923 3473 956 3527 et
980 3466 1053 3527 inde
1080 3468 1158 3528 infe

156 3575 270 3635 stantis
284 3573 398 3634 afflixit
415 3580 448 3633 et
466 3573 506 3633 ad
520 3579 637 3633 terram
656 3573 755 3646 dedit,
772 3578 901 3632 notante
916 3573 1001 3632 omni
1015 3575 1158 3634 exercitu

156 3680 296 3766 futuram
315 3679 502 3757 quandoque
520 3679 604 3738 inter
621 3678 755 3755 collegas
769 3678 959 3739 discordiam
973 3678 1070 3740 talem
1085 3699 1158 3757 qua
