2678 4140
387 252 499 304 arara
523 254 561 304 11.
597 254 709 305 nrvos
733 254 925 308 suousrus
1116 246 1159 312 49

154 433 227 488 nato
255 432 347 506 pater
375 427 525 487 Octavius
553 428 704 488 adversus
734 427 887 505 fugitivos
916 449 982 489 rem
1010 448 1159 509 prospere

154 538 301 608 gesserat.
337 533 513 592 Thurinum
523 533 776 609 cognominatum
788 534 864 594 satis
876 540 962 594 certa
975 535 1159 612 probatione

154 638 347 713 tradiderim,
369 644 481 727 nactus
506 639 660 716 puerilem
687 639 920 716 imagunculam
944 640 1011 699 eius
1036 659 1159 701 aeream

154 748 291 803 veterem
312 743 424 803 ferreis
446 748 478 803 et
498 762 598 821 paene
618 743 682 805 iam
700 745 949 804 exolescentibus
968 745 1086 805 litteris
1100 746 1158 806 hoc

154 849 277 909 nomine
299 848 494 928 inscriptam,
509 868 588 926 quae
609 850 691 910 dono
711 869 731 910 a
752 869 801 910 me
822 850 959 928 principi
980 851 1055 911 data
1075 851 1181 912 interr

155 953 288 1014 cubiculi
303 955 399 1014 Lares
415 953 537 1014 colitur.
579 954 640 1014 Sed
655 960 687 1014 et
705 974 725 1015 a
738 956 782 1014 M.
799 954 938 1014 Antonio
960 955 993 1014 in
1011 955 1157 1034 epistulis

155 1079 209 1136 per
223 1059 446 1119 contumeliam
462 1079 554 1138 saepe
569 1060 729 1119 Thurinus
743 1061 923 1138 appellatur
938 1066 970 1120 et
987 1061 1055 1139 ipse
1076 1061 1156 1120 nihil

154 1165 288 1242 amplius
303 1184 398 1250 quam
412 1164 520 1224 mirari
535 1183 568 1224 se
582 1165 727 1225 rescribit
742 1185 798 1243 pro
813 1165 979 1243 obprobrio
994 1165 1055 1225 sibi
1069 1166 1156 1245 prius

130 1283 266 1330 anomen
293 1254 382 1330 obici.
425 1270 540 1331 Postea
568 1270 629 1330 Gai
657 1270 799 1330 Caesaris
823 1277 856 1330 et
883 1271 996 1330 deinde
1020 1270 1157 1348 Augusti

155 1394 323 1452 cognomen
343 1376 525 1453 assumpsit,
546 1376 682 1436 alterum
703 1381 893 1436 testamento
914 1376 1041 1436 maioris
1063 1391 1196 1437 arun-10

155 1480 223 1555 culi,
244 1481 381 1541 alterurn
401 1481 528 1540 Munati
549 1481 660 1541 Planci
682 1481 848 1556 sententia,
870 1500 941 1540 oum
968 1481 1157 1558 quibusdam

155 1585 351 1645 censentibus
367 1587 538 1645 Romulum
552 1587 707 1664 appellari
725 1593 878 1664 oportere,
894 1587 985 1663 quasi
1002 1594 1035 1647 et
1051 1587 1156 1665 ipsum

154 1690 346 1750 conditorem
366 1690 464 1766 urbis,
485 1692 715 1769 praevaluisset
736 1697 773 1752 ut
795 1691 957 1768 Augustus
979 1692 1084 1769 potius
1106 1712 1156 1751 vo

154 1800 284 1870 caretur,
297 1815 362 1855 non
376 1802 500 1856 tantum
515 1815 596 1856 novo
610 1797 665 1856 sed
680 1797 777 1857 etiam
797 1797 949 1874 ampliore
964 1797 1154 1874 cognomine,

153 1901 234 1977 quod
255 1901 324 1960 loca
351 1920 474 1978 quoque
496 1902 642 1977 religiosa
663 1907 695 1961 et
716 1903 750 1960 in
771 1902 884 1979 quibus
905 1907 1058 1978 augurato
1078 1903 1193 1979 quidlt

153 2011 350 2093 consecratur
377 2012 511 2082 augusta
538 2007 683 2067 dicantur
714 2007 754 2066 ab
780 2012 876 2066 auctu
903 2007 953 2066 vel
981 2007 1021 2066 ab
1048 2007 1155 2067 arium

152 2098 241 2186 gestd
256 2092 399 2188 gutture,
415 2112 497 2172 sicut
511 2112 606 2172 etiam
621 2112 742 2170 Ennius
757 2113 848 2171 docet
863 2112 1001 2203 scribens
1014 2135 1021 2171 ι

898 2207 911 2238 o
940 2220 941 2227 ,
977 2220 981 2226 ,

190 2273 378 2349 Augusto
412 2273 584 2349 augurio
620 2279 836 2351 postquam
877 2248 1039 2334 incluta
1073 2293 1155 2334 con·

591 2378 680 2438 dita
702 2380 912 2438 Romaest.

112 2542 128 2593 8
189 2540 378 2611 Quadrimus
394 2545 516 2617 patrem
531 2540 646 2599 amisit.
683 2540 912 2599 Duodecimum
927 2560 1044 2600 annum
1057 2559 1152 2617 agens
1162 2551 1192 2596 uo

150 2645 253 2706 ariam
267 2645 384 2704 Iuliam
398 2645 582 2704 defunctam
599 2664 656 2722 pro
674 2644 817 2704 contione
832 2645 982 2705 laudavit.
1025 2645 1153 2715 Quadri·

150 2751 242 2811 ennio
256 2755 330 2828 post
343 2749 429 2808 virili
444 2754 518 2825 toga
535 2755 662 2827 sumpta
679 2749 869 2810 militaribus
885 2750 976 2809 donis
990 2749 1152 2828 triumpho

150 2856 291 2916 Caesaris
316 2855 469 2914 Africano
492 2855 626 2914 donatus
652 2861 709 2930 est,
735 2874 916 2932 quanquam
940 2873 1051 2933 expers
1075 2854 1151 2915 belli

150 2967 278 3040 propter
305 2965 450 3020 aetatem.
493 2960 676 3019 Profectum
705 2980 777 3019 mox
803 2960 994 3020 avunculum
1021 2959 1055 3018 in
1078 2960 1152 3020 His-

149 3067 258 3145 panias
282 3065 433 3126 adversus
459 3065 514 3125 Cn.
537 3065 669 3143 Pompei
692 3065 816 3140 liberos,
840 3066 972 3125 vixdum
996 3065 1106 3125 firmus
1132 3079 1190 3126 ato

149 3172 236 3248 gravi
257 3170 443 3245 valitudine,
465 3190 522 3248 per
543 3169 841 3230 infestas'hostibus
864 3170 930 3231 vias
952 3169 1150 3249 paucissimis

149 3276 325 3351 comitibus,
336 3275 501 3352 naufragio
516 3275 610 3335 etiam
626 3277 720 3350 facto,
731 3275 916 3335 subsecutus
931 3294 1044 3352 magno
1058 3294 1151 3354 opere

149 3381 313 3458 demeruit,
343 3381 524 3460 approbata.
550 3381 612 3440 cito
646 3381 742 3441 etiam
769 3400 891 3440 morum
917 3379 1022 3440 indole
1057 3399 1151 3459 super

149 3487 272 3548 itineris
293 3487 491 3547 industriam.
963 3464 984 3475 *

126 3604 141 3650 a
189 3593 322 3668 Caesare
342 3597 415 3670 post
432 3597 575 3669 receptas
597 3591 770 3670 Hispanias
789 3591 1022 3670 expeditionem
1040 3591 1073 3651 in
1091 3593 1189 3652 Da-so

145 3715 201 3758 cos
212 3702 245 3758 et
258 3697 333 3757 inde
347 3695 381 3755 in
395 3697 530 3757 Parthos
545 3697 733 3781 dest—inante,
745 3697 936 3774 praemissus
949 3696 1151 3775 Apolloniam
