2678 4140
397 249 509 301 1111111
532 249 567 300 11.
605 247 718 299 arvus
742 245 934 299 AUGUSTUS
1128 233 1169 298 85

172 423 204 480 de
221 426 382 500 comperta
400 422 552 480 Murenae
573 419 787 480 coniuratione
807 418 900 479 uxori
918 417 1085 478 Terentiae
1101 436 1170 496 1110

171 527 307 587 didisset
831 592 834 596 ,
1231 606 1235 613 Ι

153 636 164 680 4
205 632 322 709 Exegit
352 639 385 693 et
418 632 487 711 ipse
518 633 552 692 in
580 633 682 692 vicem
712 632 752 692 ab
783 630 893 691 amicis
923 629 1169 690 benivolentiam

170 743 317 814 mutuam,
332 743 398 798 tam
418 758 438 798 a
458 738 618 798 defunctis
640 757 735 815 quam
751 756 771 796 a
786 736 877 796 vivis.
919 737 1004 795 Nam
1024 735 1168 812 quamvis

170 844 294 903 minime
310 849 476 921 appeteret
493 843 695 918 hereditates,
709 848 746 902 ut
760 842 815 919 qui
829 861 1001 919 numquam
1015 860 1054 900 ex
1068 841 1191 917 ignotis

170 954 356 1009 testamento
371 967 481 1026 capere
493 949 661 1025 quicquam
676 947 872 1022 sustinuerit,
881 946 1052 1006 amicorum
1063 951 1169 1005 tamen

170 1072 312 1132 suprema
339 1053 456 1113 iudicia
485 1053 696 1112 morosissime
726 1051 909 1130 pensitavit,
933 1070 1034 1128 neque
1062 1050 1168 1110 dolore

169 1158 365 1218 dissimulato
398 1157 424 1217 si
458 1158 583 1235 parcius
617 1163 673 1217 aut
702 1156 780 1217 citra
814 1157 963 1216 honorem
993 1155 1168 1231 verborum,

169 1283 265 1341 neque
285 1262 400 1340 gaudio
418 1263 445 1322 si
464 1269 553 1338 grate
568 1263 681 1340 pieque
701 1263 771 1340 quis
787 1281 820 1321 se
840 1266 1023 1339 prosecutus
1044 1261 1167 1320 fuisset.

169 1370 284 1445 Legata
305 1368 356 1428 vel
377 1374 484 1446 partes
505 1368 733 1429 hereditatium
753 1387 772 1427 a
793 1366 1041 1445 quibuscumque
1062 1385 1170 1443 paren·
1179 1383 1211 1429 10

169 1474 250 1534 tibus
279 1474 391 1534 relicta
418 1474 480 1533 sibi
507 1480 563 1534 aut
591 1475 701 1534 statim
729 1473 837 1533 liberis
865 1492 973 1532 eorum
1002 1472 1169 1531 concedere

168 1586 229 1656 aut,
245 1579 273 1639 si
293 1578 446 1657 pupillari
466 1584 571 1639 aetate
592 1584 707 1654 essent,
722 1578 773 1638 die
788 1577 890 1637 virilis
912 1583 1003 1653 togae
1023 1576 1074 1636 vel
1094 1596 1171 1654 nup

169 1685 282 1744 tiarum
297 1704 368 1744 cum
383 1684 577 1744 incremento
591 1685 758 1744 restituere
772 1689 984 1743 consueverat.

123 1790 148 1841 67
204 1792 362 1850 Patronus
377 1790 586 1867 dominusque
603 1810 666 1849 non
683 1789 787 1848 minus
806 1808 933 1848 severus
951 1808 1046 1866 quam
1064 1789 1169 1848 facilis

169 1901 199 1955 et
217 1896 353 1955 clemens
372 1896 488 1955 multos
508 1895 695 1956 libertorum
714 1895 748 1953 in
767 1896 884 1954 1101010
903 1899 935 1954 et
954 1913 1014 1953 usu
1032 1893 1169 1953 maximo
1179 1913 1207 1958 15

169 2000 286 2076 habuit,
302 2005 337 2060 ut
358 2000 505 2060 Licinum
526 2006 559 2060 et
580 2001 732 2061 Celadum
752 2000 902 2077 aliosque.
946 1999 1093 2058 Cosmum
1111 2017 1171 2058 101-

169 2126 240 2164 vum
261 2106 447 2182 gravissime
469 2107 508 2166 de
530 2126 563 2166 se
585 2107 767 2183 opinantem
788 2125 851 2164 101
870 2105 1070 2181 ultraquam
1092 2123 1171 2163 com-

169 2211 298 2288 pedibus
314 2211 459 2271 coercuit.
501 2211 677 2271 Diomeden
691 2212 951 2289 dispensatorem,
965 2229 985 2269 a
999 2229 1061 2287 quo
1076 2209 1169 2269 simul

169 2316 347 2376 ambulante
361 2317 534 2376 incurrenti
549 2322 678 2394 repente
693 2317 761 2375 fero
777 2335 854 2393 apro
869 2334 925 2392 per
939 2321 1059 2375 metum
1073 2314 1171 2374 obiec

169 2427 219 2481 tus
238 2426 296 2496 est,
316 2421 429 2481 maluit
448 2421 632 2481 timiditatis
653 2440 783 2496 arguere
805 2440 899 2498 quam
920 2439 1020 2480 noxae
1042 2439 1209 2497 remqueao

168 2546 228 2586 non
250 2525 374 2585 minimi
395 2526 537 2604 periculi,
552 2527 627 2604 quia
648 2532 754 2586 tamen
775 2526 862 2586 fraus
883 2526 1001 2601 aberat,
1015 2525 1049 2583 11
1068 2525 1171 2585 iocum

147 2631 273 2691 avertit.
316 2631 407 2690 Idem
427 2631 541 2690 Polum
557 2651 596 2691 ex
613 2630 842 2709 acceptissimis
864 2631 986 2690 libertis
1009 2630 1088 2689 mori
1108 2649 1172 2690 coe

169 2736 215 2812 git
242 2741 438 2814 compertum
465 2736 643 2796 adulterare
671 2742 848 2811 matronas;
880 2735 993 2795 Thallo
1020 2754 1039 2795 a
1067 2754 1169 2812 manu,
1235 2740 1243 2756 ⁴

169 2842 251 2919 quod
272 2861 330 2921 pro
352 2841 488 2920 epistula
510 2842 636 2919 prodita
657 2841 801 2901 denarios
824 2841 1012 2918 quingentos
1037 2841 1171 2918 accepis-

169 2953 225 3023 set,
248 2966 339 3007 crura
364 2946 393 3006 ei
417 2946 532 3022 fregit,
561 2947 776 3024 paedagogum
804 2945 1028 3023 ministrosque
1056 2946 1208 3022 0111115

168 3071 224 3131 per
245 3051 439 3112 occasionem
459 3051 645 3111 valitudinis
667 3051 841 3128 mortisque
862 3051 928 3110 eius
951 3051 1084 3129 superbe
1101 3070 1172 3111 ava

168 3177 262 3236 reque
290 3158 325 3216 11
352 3157 515 3237 provincia
542 3163 709 3234 grassatos,
738 3162 881 3216 oneratos
914 3157 1003 3234 gravi
1033 3157 1171 3235 pondere

168 3263 340 3323 cervicibus
355 3263 578 3341 praecipitavit
592 3263 626 3322 in
639 3263 765 3323 flumen.

112 3374 146 3425 68
206 3368 315 3428 Prima
335 3368 465 3428 iuventa
485 3368 643 3428 variorum
665 3369 852 3428 dedecorum
873 3369 1038 3430 infamiam
1063 3368 1169 3429 subiit.

168 3475 282 3534 Sextus
310 3473 479 3551 Pompeius
508 3478 544 3533 ut
576 3474 792 3551 effeminatum
825 3475 997 3535 insectatus
1025 3480 1090 3550 est3
1124 3476 1208 3540 Mac

168 3579 326 3640 Antonius
354 3579 556 3656 adoptionem
583 3579 732 3639 avrmculi
760 3586 871 3657 stupro
899 3580 1065 3655 meritum;
1093 3581 1171 3641 item

168 3685 203 3745 L.
225 3684 327 3745 Marci
350 3684 459 3759 frater,
481 3684 571 3761 quasi
596 3684 783 3761 pudicitiam
807 3684 978 3744 delibatam
998 3705 1017 3745 a
1038 3685 1170 3748 Caesare
