2678 4140
146 214 219 286 ,100
254 226 285 278 c.
310 225 466 278 surroru
488 225 716 297 russonum
738 226 788 275 nr
813 225 903 276 vrrs
926 224 1133 277 cansarum

156 398 303 472 venisset,
318 397 422 477 posita
439 397 472 457 in
491 397 610 476 templo
631 397 743 458 lectica
758 397 834 457 dum
857 402 977 458 ceterae
999 402 1161 458 matronae

156 504 329 564 dormirent
350 503 561 578 obdormisse3
593 503 760 563 draconem
781 508 911 581 repente
931 495 1098 580 irrepsisse
1120 503 1161 562 ad

156 629 224 669 eam
239 609 395 686 pauloque
409 614 483 686 post
498 627 676 684 egressum3
697 608 786 669 illam
800 607 1054 686 expergefactam
1069 607 1161 684 quasi

155 734 174 775 a
196 715 362 775 concubitu
383 714 489 774 mariti
511 714 692 791 purificasse
714 733 765 790 se;
793 720 825 774 et
846 714 955 774 statim
976 713 1010 772 in
1032 732 1161 791 corpore
1188 731 1193 735 ·

132 819 222 880 seius
238 820 381 880 extitisse
403 819 557 879 maculam
571 819 659 878 velut
680 819 759 898 picti
778 819 922 879 draconis
943 838 1001 879 nec
1018 818 1161 896 potuisse

155 945 304 1003 umquam
326 925 419 1001 exigi,
440 926 518 985 adeo
538 930 575 984 ut
596 945 668 984 mox
689 925 825 1003 publicis
847 925 981 985 balineis
1006 929 1160 1003 perpetuo

156 1031 362 1106 abstmuerit;
388 1031 567 1108 Augustum
587 1036 698 1091 natum
719 1049 825 1091 mense
846 1030 966 1091 decimo
988 1035 1020 1090 et
1041 1030 1081 1090 ob
1101 1030 1161 1090 hoc

155 1137 314 1215 Apollinis
328 1136 430 1195 filium
445 1136 669 1196 existimatum.
711 1136 835 1196 Eadem
849 1135 935 1211 Atia,
956 1135 1045 1213 prius
1065 1153 1160 1212 quam

156 1248 289 1323 pareret,
307 1242 476 1302 somniavit
497 1241 648 1302 intestina
669 1261 726 1302 sua
746 1241 824 1301 ferri
841 1242 882 1302 ad
901 1241 1005 1301 sidera
1026 1240 1161 1318 explica

50 1377 53 1383 ·
118 1364 146 1409 10
156 1349 244 1426 rique
258 1367 315 1426 per
329 1366 453 1407 omnem
470 1354 625 1407 terrarum
639 1353 671 1407 et
686 1347 764 1407 caeli
777 1347 939 1408 ambitum.
984 1345 1160 1407 Somniavit

156 1459 187 1514 et
200 1458 291 1532 pater
305 1452 454 1513 Octavius
468 1459 558 1512 utero
572 1453 665 1512 Atiae
680 1451 770 1512 iubar
784 1452 859 1512 solis
874 1457 1025 1512 exortum.

195 1559 262 1629 Quo
277 1563 371 1618 natus
391 1563 440 1618 est
458 1558 520 1633 die,
540 1577 611 1618 cum
625 1558 664 1617 de
685 1558 840 1618 Catilinae
860 1557 1073 1618 coniuratione
1091 1571 1183 1633 age-5

155 1669 242 1724 retur
262 1664 296 1722 in
318 1663 403 1723 curia
422 1668 454 1722 et
473 1663 623 1723 Octavius
645 1663 684 1722 ob
704 1663 812 1722 uxoris
833 1662 1036 1741 puerperium
1058 1662 1159 1722 serius

154 1770 307 1845 affuisset,
328 1775 404 1829 nota
421 1778 459 1828 ac
476 1769 605 1844 vulgata
623 1787 672 1828 res
692 1774 741 1828 est
759 1769 794 1828 P.
814 1767 980 1844 Nigidium
999 1772 1161 1845 comperta

8 1943 16 1956 ‚
116 1890 144 1936 15
155 1894 258 1935 morae
271 1893 372 1950 causa,
383 1878 420 1933 ut
430 1873 539 1933 horam
550 1892 674 1950 quoque
685 1878 795 1951 partus
810 1873 975 1951 acceperit,
986 1871 1160 1933 affirmasse

154 1980 316 2040 dominum
330 1986 484 2040 terrarum
499 1978 567 2037 orbi
581 1984 699 2038 natum.
737 1978 869 2039 Octavio
882 1983 1002 2057 postea,
1018 1994 1089 2037 cum
1103 1997 1160 2055 per

155 2092 274 2146 secreta
293 2085 444 2145 Thraciae
465 2083 637 2144 exercitum
651 2085 788 2159 duceret,
804 2084 837 2143 in
852 2083 959 2145 Liberi
973 2082 1074 2160 patris
1088 2083 1160 2142 luco

153 2192 286 2251 barbara
307 2190 495 2250 caerimonia
516 2190 555 2248 de
575 2189 642 2247 filio
664 2189 838 2249 consulenti
864 2188 947 2248 idem
968 2187 1160 2248 affirmatum

154 2301 202 2356 est
212 2316 231 2356 a
243 2294 466 2370 sacerdotibus,
478 2295 562 2372 quod
577 2294 684 2353 infuso
699 2314 792 2372 super
806 2293 920 2354 altaria
933 2312 1019 2353 mero
1033 2299 1159 2353 tantum

115 2415 145 2460 20
153 2401 296 2461 flammae
304 2399 485 2460 emicuisset
494 2406 530 2459 ut
538 2419 740 2476 supergressa
748 2399 913 2475 fastigium
922 2399 1034 2476 templi
1045 2399 1086 2458 ad
1094 2418 1160 2458 cae-

153 2507 220 2565 lum
230 2524 329 2583 usque
339 2505 476 2564 ferretur
486 2505 604 2582 unique
616 2505 742 2563 omnino
754 2506 870 2580 Magno
881 2503 1062 2563 Alexandro
1073 2503 1158 2581 apud

154 2611 280 2672 easdem
308 2630 378 2670 aras
410 2609 599 2670 sacrificanti
631 2610 734 2669 simile
763 2609 961 2687 provenisset
989 2614 1157 2668 ostentum.

106 2708 111 2717 ’
154 2718 260 2795 Atque
275 2716 370 2776 etiam
386 2716 530 2792 sequenti
545 2715 654 2774 statim
668 2719 759 2774 nocte
771 2715 877 2774 videre
891 2714 978 2773 visus
993 2719 1042 2773 est
1055 2713 1181 2773 filiumo

154 2821 280 2882 mortali
302 2821 405 2899 specie
426 2821 620 2898 ampliorem,
641 2839 712 2879 cum
733 2820 867 2880 fulmine
888 2825 920 2879 et
942 2824 1066 2896 sceptro
1087 2838 1160 2878 exu-

115 2927 277 3004 25viisque
302 2926 388 2986 Iovis
414 2925 536 3002 Optimi
560 2925 694 2985 Maximi
715 2945 752 2985 ac
774 2925 896 2985 radiata
920 2943 1041 2999 corona,
1064 2918 1159 3011 super

154 3033 330 3093 laureatum
355 3051 489 3106 currum,
511 3031 559 3089 bis
583 3030 666 3090 senis
688 3031 778 3107 equis
803 3031 935 3090 candore
959 3029 1075 3089 eximio
1099 3035 1160 3089 tra

153 3138 311 3198 bentibus.
354 3138 467 3197 Infans
489 3137 601 3211 adhuc,
623 3142 659 3195 ut
681 3136 833 3213 scriptum
857 3135 941 3212 apud
962 3136 996 3195 C.
1018 3136 1159 3195 Drusum

154 3249 252 3319 extat,
267 3243 424 3321 repositus
447 3262 576 3320 vespere
597 3242 631 3300 in
650 3262 745 3301 cunas
759 3262 778 3302 a
792 3241 950 3301 nutricula
971 3241 1039 3300 loco
1053 3241 1158 3318 plano,

154 3356 281 3428 postera
299 3349 369 3408 lucc
387 3368 450 3407 non
470 3348 645 3425 comparuit
664 3348 780 3424 diuque
800 3347 961 3423 quaesitus
981 3347 1109 3406 tandem
1126 3346 1159 3404 in

116 3455 311 3516 stultissima
324 3454 405 3514 turri
420 3460 563 3531 repertus
579 3460 628 3513 est
642 3453 745 3512 iacens
761 3457 868 3512 contra
883 3452 957 3511 solis
972 3458 1125 3512 exortum.

196 3561 275 3622 Cum
289 3560 427 3638 primum
443 3559 504 3618 fari
523 3560 686 3636 coepisset,
702 3559 734 3616 in
749 3558 834 3617 avito
853 3557 1030 3617 suburbano
1045 3557 1182 3620 obstrel

154 3666 260 3746 pontis
275 3666 358 3726 forte
380 3684 472 3725 ranas
482 3721 483 3726 ,
495 3664 586 3724 silere
609 3663 711 3738 iussit,
726 3670 821 3749 atque
835 3682 873 3721 ex
889 3681 925 3722 eo
939 3668 1094 3739 negantur
1115 3663 1160 3721 ibi
