2678 4140
153 229 195 290 aa
236 241 267 291 c.
292 241 448 292 sourorr
471 243 698 304 russorum
722 243 771 291 nn
795 242 886 291 vrrs
908 240 1111 291 cursuum(

153 413 326 490 Omnisque
361 415 549 474 medicinam
584 416 702 474 Romae
730 414 889 492 professos
917 419 950 472 et
976 412 1153 472 liberalium

152 518 269 576 artium
290 519 443 593 doctores,
458 539 521 596 quo
542 519 693 578 libentius
714 526 747 578 et
769 519 831 596 ipsi
852 518 961 578 mbem
982 517 1153 577 incolerent

152 630 184 681 et
206 623 302 682 ceteri
322 624 518 700 adpeterent,
534 625 663 683 civitate
681 625 820 684 donavit
862 625 911 682 De
930 623 1072 700 pecuniis
1091 631 1174 680 mu-2

152 729 216 788 tuis
251 729 384 788 disiecta
419 749 569 788 novarum
606 729 784 789 tabularum
818 729 1046 807 expectatione,
1075 708 1152 804 quae

128 833 261 893 terebro
282 834 474 908 movebatur,
496 835 637 894 decrerit
664 835 793 894 tandem
817 840 853 893 ut
876 834 1034 894 debitores
1060 833 1154 892 credi-

152 938 273 999 toribus
295 940 372 999 satis
394 940 535 999 facerent
563 960 619 1017 per
639 941 891 1000 aestimationem
911 939 1152 1017 possessionum,

152 1045 263 1121 quanti
277 1064 417 1121 quasque
431 1050 504 1104 ante
519 1045 611 1104 civile
625 1045 744 1104 bellum
763 1051 1005 1123 comparassent,
1020 1044 1153 1103 deducto

152 1168 291 1209 summae
310 1150 392 1208 aeris
413 1150 509 1208 alieni
528 1151 556 1208 si
576 1150 654 1227 quid
674 1170 788 1210 usurae
808 1151 934 1209 nomine
955 1155 1154 1208 numeratum

151 1260 206 1314 aut
223 1255 434 1331 perscriptum
448 1255 581 1327 fuisset;
603 1275 665 1331 qua
679 1256 859 1314 condicione
873 1261 986 1331 quarta
1000 1273 1073 1332 pars
1088 1254 1154 1312 fere

114 1369 143 1413 10
152 1360 264 1419 crediti
291 1360 463 1436 deperibat.
520 1360 641 1419 Cuncta
668 1361 799 1435 collegia
827 1366 952 1438 praeter
977 1359 1176 1435 antiquitus3

152 1465 323 1524 constituta
344 1465 501 1524 distraxit.
544 1465 667 1524 Poenas
689 1466 864 1524 facinorum
891 1465 999 1539 auxit3
1024 1470 1056 1522 et
1084 1483 1153 1522 cum

151 1569 323 1646 locupletes
338 1588 374 1628 co
393 1570 518 1628 facilius
541 1571 657 1629 scelere
679 1589 712 1629 se
730 1570 905 1646 obligarent
919 1569 1003 1646 quod
1022 1568 1153 1643 integris

151 1674 350 1751 patrimoniis
365 1674 543 1748 exulabant,
560 1675 741 1751 parricidas,
756 1680 794 1734 ut
807 1674 915 1734 Cicero
930 1673 1049 1746 scribit,
1064 1672 1153 1730 bonis

151 1779 304 1854 omnibus,
320 1780 456 1855 reliquos
470 1780 602 1838 dimidia
624 1786 713 1856 parte
728 1781 884 1839 multavit.

114 1893 143 1939 15
192 1885 247 1942 Ius
268 1884 511 1944 laboriosissime
532 1904 568 1944 ac
590 1885 786 1943 severissime
807 1885 897 1945 dixit.
957 1885 1156 1962 Repetrmda-
1176 1895 1209 1944 43

152 2008 222 2048 rum
246 1989 404 2048 convictos
429 1989 525 2047 etiam
549 1989 659 2047 ordine
685 1990 841 2048 senatorio
865 1990 972 2048 movit.
1018 1990 1155 2048 Diremit

151 2094 279 2170 nuptias
297 2093 447 2170 praetorii
463 2094 524 2151 viri
542 2095 597 2170 qui
617 2095 790 2169 digressam
807 2115 826 2154 a
843 2095 956 2154 marito
975 2101 1048 2171 post
1069 2094 1155 2153 bidu-

151 2217 205 2276 um
220 2198 330 2256 statim
347 2198 489 2271 duxerat,
504 2199 648 2274 quamvis
664 2198 731 2256 sine
748 2199 855 2276 probri
872 2198 1057 2275 suspicione.
1099 2199 1155 2256 Pe-

152 2303 346 2378 regrinarum
358 2303 507 2361 mercium
518 2303 658 2380 portoria
669 2303 817 2363 instituit.
847 2303 1043 2362 Lecticarum
1052 2322 1153 2377 usum,

113 2408 228 2466 alitem
243 2407 458 2484 conchyliatae
476 2408 573 2466 vestis
592 2414 623 2467 et
641 2408 880 2482 margaritarum
897 2408 959 2466 nisi
977 2408 1070 2466 certis
1089 2427 1155 2485 per·

153 2513 237 2571 sonis
262 2518 295 2572 et
318 2512 475 2570 aetatibus
501 2531 617 2589 perque
643 2520 743 2571 certos
771 2513 837 2570 dies
862 2513 988 2572 ademit.
1038 2514 1177 2587 Legem2

152 2617 318 2695 praoeipuc
329 2618 556 2694 sumptuariam
566 2619 714 2691 exercuit,
724 2618 888 2694 dispositis
898 2619 979 2677 circa
989 2617 1155 2699 macellum

153 2722 333 2781 custodibus
348 2722 403 2798 qui
418 2721 546 2781 obsonia
560 2728 669 2781 contra
683 2723 816 2781 vetitum
831 2723 1003 2781 retinerent
1013 2723 1156 2800 deporta

152 2834 283 2903 rentque
304 2827 345 2886 ad
367 2846 409 2901 se,
433 2827 596 2885 submissis
618 2846 852 2903 nonnumquam
874 2827 1037 2886 lictoribus
1059 2833 1154 2904 atque

113 2946 142 2990 25
152 2933 307 2992 militibus
326 2932 390 3008 qui,
406 2932 432 2990 si
448 2950 510 3007 qua
525 2932 668 2990 custodes
687 2932 886 3006 fefellissent,
901 2932 965 2991 iarn
978 2932 1155 3009 adpositae

153 3038 289 3097 triclinio
304 3038 474 3096 auferrent.

192 3144 275 3202 Nam
296 3143 335 3201 de
354 3143 493 3202 ornanda
514 3144 759 3220 instruendaque
779 3143 865 3218 urbe,
880 3144 957 3202 item
977 3143 1016 3201 de
1038 3143 1155 3202 tuendo
1176 3148 1210 3197 44

151 3248 393 3325 ampliandoque
405 3248 537 3325 imperio
551 3249 643 3326 plura
656 3267 692 3307 ac
706 3249 824 3308 maiora
834 3249 867 3306 in
878 3249 946 3307 dies
960 3248 1154 3309 destinabat:

152 3353 316 3431 inprimis
339 3355 452 3413 Martis
475 3354 628 3431 templum
650 3360 802 3430 quantum
824 3373 978 3430 nusquam
1001 3361 1085 3413 esset
1107 3373 1156 3423 ex-

113 3464 265 3532 30truere‚
288 3459 408 3536 repleto
437 3465 469 3518 et
497 3460 683 3536 conplanato
711 3460 781 3518 lacu
808 3461 924 3536 inquo
951 3460 1155 3520 naumachiae

153 3564 366 3640 spectaculum
381 3564 530 3637 ediderat,
542 3564 761 3640 theatrumque
778 3583 916 3624 summae
928 3565 1154 3640 magnitudinis

153 3668 286 3745 Tarpeio
308 3668 408 3727 monti
428 3667 599 3743 accubaus3
621 3669 670 3727 ius
699 3669 791 3728 civile
818 3671 858 3729 ad
887 3675 1006 3729 certum
1027 3671 1178 3730 moduma
