2678 4146
437 255 548 305 muse
572 256 594 309 1.
629 255 742 305 nrvus
766 254 888 306 remus
1122 243 1161 307 11

145 429 258 489 adaret.
303 428 372 498 Quo
393 428 507 504 gaudio
528 428 628 487 elatus
650 430 713 487 non
735 428 923 506 temperavit
950 429 1027 504 quin
1049 425 1164 506 paucos

166 540 233 611 post
250 535 319 593 dies
336 533 495 609 frequenti
514 534 599 592 curia
619 534 750 592 iactaret
769 533 904 591 invitis
927 539 966 592 et
986 535 1165 609 gementi·

166 641 226 700 bus
249 639 467 700 adversaris
490 639 682 715 adeptum
704 658 744 697 se
765 657 866 714 quae
889 640 1163 716 concupisset,

166 746 336 824 proinde
361 763 406 803 ex
428 763 471 803 eo
492 744 792 803 insultaturum
821 745 995 803 omnium
1023 745 1195 822 capiti-¹
1225 748 1273 775 ‘¹‘

166 851 248 927 bus;
262 871 300 911 ac
314 856 449 926 negante
464 850 598 927 quodam
614 869 670 927 per
685 851 905 911 contumeliam
926 851 1020 910 facile
1034 850 1093 909 hoc
1107 851 1188 909 ullis

166 958 299 1017 feminae
328 957 405 1031 fore,
434 956 632 1034 responderit
659 956 749 1032 quasi
777 953 947 1016 adludens:
976 956 1017 1017 in
1046 957 1165 1015 Suria

166 1080 321 1140 quoque
371 1080 564 1136 regnasse
609 1062 859 1121 Sameramin
901 1079 1164 1138 magnamque

165 1169 284 1228 Asiae
314 1174 471 1244 partem
496 1167 717 1225 Amazonas
743 1167 930 1226 tenuisse
958 1167 1165 1243 quondam.¹

114 1279 147 1332 23
201 1276 344 1332 Functus
367 1272 540 1345 consulatu,
566 1272 645 1330 Gaio
667 1272 817 1331 Memmio
838 1273 996 1349 Lucioque
1024 1272 1166 1331 Domitio

164 1378 360 1455 praetoribus
388 1378 427 1435 de
456 1377 626 1454 superioris
650 1378 725 1436 anni
750 1378 830 1436 actis
855 1376 1073 1452 referentibus,
1099 1387 1203 1454 cog-10

163 1485 315 1543 uitionern
337 1483 460 1541 senatui
481 1483 617 1557 detulit,
645 1502 702 1542 nec
719 1484 775 1542 illo
793 1483 983 1560 suscipiente
998 1476 1166 1560 triduoque

164 1608 217 1666 per
235 1589 350 1647 inritas
371 1588 591 1647 altercationes
614 1588 781 1665 absumpto
804 1588 837 1646 in
860 1589 1054 1664 provinciam
1076 1588 1163 1647 abiit.

163 1696 204 1754 Et
224 1694 336 1753 statim
357 1698 506 1769 quaestor
527 1693 592 1751 eius
616 1693 649 1751 in
675 1693 901 1770 praeiudicium
922 1693 1044 1770 aliquot
1066 1694 1166 1752 crimi-

163 1800 253 1858 nibus
275 1804 421 1876 arreptus
444 1804 500 1857 est.
543 1801 618 1856 Mox
636 1805 668 1857 et
683 1799 750 1875 ipse
764 1818 784 1858 a
798 1799 895 1857 Lucio
911 1798 1053 1858 Antistio
1067 1804 1106 1859 tr.
1122 1800 1164 1876 pl.

163 1904 342 1982 postulatus
369 1904 529 1981 appellato
553 1904 680 1962 demum
705 1904 835 1979 collegio
860 1905 999 1982 optinuit
1023 1922 1094 1963 cum
1121 1904 1204 1964 reilt

123 2010 306 2087 2publicae
332 2028 425 2068 causa
448 2009 572 2068 abesset
593 2028 663 2068 reus
685 2029 724 2068 ne
743 2009 841 2068 fieret.
894 2010 945 2068 Ad
965 2010 1175 2073 securitatem,

165 2135 236 2191 ergo
265 2115 384 2193 posteri
418 2115 569 2191 temporis
608 2114 641 2172 in
676 2133 787 2189 magno
819 2116 945 2190 negotio
975 2115 1087 2175 habuit
1117 2115 1168 2174 ob

165 2221 261 2296 ligare
286 2239 410 2297 semper
433 2238 552 2279 annuos
576 2220 779 2294 magistratus
802 2226 834 2279 et
856 2239 873 2279 e
893 2220 1081 2297 petitoribus
1104 2239 1167 2279 non

166 2327 242 2385 alios
268 2325 418 2386 adiuvare
446 2332 502 2384 aut
529 2325 569 2384 ad
600 2326 749 2384 honorem
782 2326 849 2402 pati
881 2326 1044 2403 pervenire
1072 2345 1167 2402 quam

167 2432 219 2507 qui
248 2431 308 2489 sibi
342 2430 534 2507 recepissent
570 2437 820 2507 propugnaturos
851 2432 1027 2491 absentiam
1061 2442 1206 2505 suam320

169 2537 251 2596 cuius
279 2537 366 2614 pacti
391 2556 454 2595 non
482 2536 642 2595 dubitavit
665 2556 684 2595 a
708 2536 896 2612 quibusdam
924 2536 972 2594 ius
1001 2520 1167 2596 iurandum

168 2648 258 2718 atque
271 2642 368 2701 etiam
383 2643 595 2719 syngrapham
611 2642 743 2717 exigere.

97 2766 149 2822 'q
207 2748 266 2807 Sed
277 2767 348 2807 curn
362 2748 478 2807 Lucius
492 2748 651 2806 Domitius
667 2748 847 2808 consulatus
863 2749 1047 2808 candidatus
1063 2749 1167 2827 palam

170 2853 337 2913 minaretur
348 2853 507 2912 consulem
522 2872 555 2912 se
566 2853 751 2912 effecturum
766 2854 849 2929 quod
865 2860 991 2931 praetor
1004 2855 1168 2930 nequisset

169 2959 446 3038 adempturumque
469 2960 498 3019 ei
515 2960 680 3033 exercitus,
697 2959 845 3019 Crassum
866 2961 1113 3037 Pompeiumque
1134 2961 1205 3020 inre

170 3065 272 3125 urbem
304 3065 484 3143 provinciae
514 3085 587 3126 suae
620 3067 737 3124 Lucam
769 3040 926 3124 extractbs
959 3066 1101 3144 conpulit
1130 3071 1168 3126 ut

170 3170 353 3231 detrudendi
374 3171 508 3231 Domitii
530 3190 623 3230 rausa
640 3172 839 3231 consulatum
857 3172 991 3231 alterum
1013 3177 1167 3249 peterent,

170 3277 362 3354 perfecitque
384 3277 573 3353 †utrumque
598 3278 688 3336 utin
714 3277 964 3354 quinquennium
990 3276 1050 3335 sibi
1073 3277 1169 3354 impe

152 3381 247 3441 trium
271 3388 502 3460 prorogaretur.
545 3382 612 3452 Qua
632 3382 748 3442 fiducia
768 3383 808 3442 ad
830 3382 968 3457 legiones
993 3401 1070 3459 quas
1094 3403 1113 3443 a
1135 3403 1168 3443 re

171 3487 291 3563 publica
315 3493 479 3565 acceperat
502 3487 581 3547 alias
610 3488 734 3564 privato
760 3493 888 3564 sumptu
915 3488 1049 3563 addidit,
1073 3501 1207 3550 unamao

171 3593 277 3653 etiam
295 3611 334 3651 ex
363 3592 581 3669 Transalpinis
600 3590 832 3670 conscriptam,
861 3592 1010 3652 vocabulo
1045 3614 1169 3671 quoque

171 3696 297 3774 Gallico,
310 3733 354 3742 —
367 3699 491 3758 Alauda
507 3698 593 3757 enim
606 3699 825 3776 appellabatur
839 3733 878 3742 -
893 3717 986 3773 quam
1001 3700 1169 3777 disciplina
