2678 4146
130 233 193 300 104
227 248 256 299 c.
284 248 440 300 susroru
462 246 689 310 rnanoumm
712 249 761 298 1111
785 248 1103 301 vnn-cassanum

128 421 200 481 aliis
215 421 317 481 causis
335 420 368 480 in
387 420 454 480 iure
476 416 607 480 dicendo
632 420 819 497 detinerent,
834 420 1032 496 exclamavit,
1047 416 1131 499 quod

129 532 162 586 11
176 526 280 604 ipsum
295 546 367 587 mox
382 527 465 586 inter
479 526 584 586 omina
600 527 736 616 relatum
751 533 815 586 est:
836 545 926 602 non,
948 526 981 585 si
1003 527 1132 587 omnia

130 638 393 708 morarentur,
414 631 586 709 amplius
610 651 649 692 se
673 632 839 711 posthac
863 630 1006 693 Romae
1029 632 1133 694 futu-

130 730 229 812 Ι111111;
253 744 349 815 atque
369 737 482 798 itinere
504 736 650 798 incohato
672 737 822 797 Asturam
843 738 983 815 perrexit
1004 744 1037 799 et
1058 738 1132 798 inde

101 834 255 923 'spraeter
285 843 542 904 consuetudinem
570 844 609 903 de
635 849 727 903 nocte
750 844 791 904 ad
813 839 1009 905 'occasionem
1037 862 1132 904 aurae

131 956 257 1011 evectus
279 968 404 1010 causam
425 949 612 1009 valitudinis
637 949 794 1009 contraxit
817 968 856 1008 ex
880 949 1035 1027 profluvio
1057 949 1132 1011 alvi.

171 1057 259 1116 Tunc
278 1055 467 1133 Campaniae
484 1073 538 1114 ora
556 1054 770 1132 proximisque
786 1054 898 1114 insulis
918 1055 1059 1115 circuitis
1079 1049 1134 1116 Ca
1155 1061 1188 1111 98

131 1181 277 1241 prearum
300 1179 423 1238 quoque
448 1160 584 1220 secessui
605 1159 814 1237 quadriduum
835 1160 1001 1239 impendit,
1026 1160 1134 1221 remis·

54 1317 59 1329 .
132 1267 256 1327 sissimo
275 1267 316 1326 ad
338 1265 437 1326 otium
459 1271 491 1325 11
511 1266 552 1325 ad
573 1285 696 1325 omnem
719 1265 898 1326 comitatem
918 1266 1032 1327 animo.

93 1385 122 1430 10
171 1375 266 1433 Forte
283 1373 492 1432 Puteolanum
510 1371 614 1431 sinum
631 1371 885 1449 praeteruehenti
902 1376 1044 1432 vectores
1060 1391 1157 1435 nau-a

131 1485 243 1556 taeque
265 1479 303 1537 de
324 1477 398 1538 navi
420 1477 644 1552 Alexandrina,
659 1496 739 1554 quae
760 1482 885 1537 tantum
906 1478 990 1554 quod
1006 1468 1135 1557 appule-

26 1568 29 1573 ’
131 1590 190 1659 111,
202 1583 362 1643 candidati
374 1581 574 1659 coronatique
586 1587 618 1641 et
632 1587 704 1642 tura
718 1581 852 1642 libantes
864 1573 971 1642 fausta
982 1583 1087 1643 omina
1101 1588 1134 1643 et

131 1688 262 1749 eximias
284 1688 393 1748 laudes
416 1693 652 1764 congesserant:
683 1707 751 1767 per
775 1687 889 1746 illum
917 1706 956 1748 se
981 1688 1133 1764 vivere,

131 1813 200 1873 per
224 1793 338 1852 illum
362 1793 567 1869 navigare,
593 1793 787 1853 libertate
812 1799 930 1871 atque
954 1793 1133 1853 fortunis

94 1917 200 1978 lsper
220 1899 334 1958 illum
359 1898 449 1958 frui.
493 1896 560 1968 Qua
581 1918 614 1958 re
634 1899 803 1958 admodum
824 1899 1018 1959 exhilaratus
1040 1900 1135 1977 quad·

131 2023 261 2082 ragenos
276 2023 386 2064 aureos
402 2004 568 2064 comitibus
584 2003 695 2064 divisit
713 2003 823 2081 iusque
838 2003 1005 2064 iurandum
1020 2011 1136 2066 111111-

131 2111 249 2170 tionem
264 2109 404 2185 exegita
424 2109 556 2185 singulis
575 2129 637 2169 non
656 2109 718 2170 alio
737 2110 844 2170 datam
866 2128 1020 2170 summam
1040 2129 1134 2187 quam

107 2217 163 2303 Ι111
188 2215 379 2294 emptionem
407 2215 694 2275 Alexandrinarum
724 2215 873 2274 mercium
900 2215 1132 2293 absumpturos.

133 2321 193 2382 Sed
221 2326 253 2381 et
281 2326 400 2380 ceteros
433 2321 595 2380 continuos
627 2321 695 2380 dies
724 2321 807 2380 inter
833 2320 921 2381 varia
948 2321 1157 2381 munusculas

93 2433 220 2504 sotogas
249 2427 378 2505 insuper
410 2446 446 2486 ac
479 2427 576 2504 pallia
607 2427 781 2500 distribuit,
810 2427 877 2502 lege
907 2426 1070 2504 proposita
1097 2432 1135 2486 ut

133 2532 267 2592 Romani
288 2532 417 2607 Graec0,
433 2532 545 2592 Graeci
568 2533 708 2591 Romano
730 2531 840 2591 habitu
858 2537 890 2591 et
907 2550 1049 2591 sermone
1069 2537 1136 2592 ute

132 2644 249 2698 rentur.
293 2638 455 2715 Spectavit
479 2638 604 2698 assidue
629 2645 810 2697 exercentes
833 2637 978 2715 ephebos,
1000 2657 1134 2714 quorum

131 2746 238 2823 aliqua
264 2745 367 2805 adhuc
395 2745 484 2822 copia
511 2764 549 2804 ex
578 2751 683 2804 vetere
711 2745 858 2805 instituto
890 2744 1019 2822 Capreis
1048 2750 1134 2819 erat;

132 2851 232 2939 isdem
247 2851 343 2911 etiam
358 2852 485 2928 epulum
500 2851 533 2908 in
549 2857 718 2928 conspectu
736 2870 791 2910 suo
808 2850 953 2928 praebuit
969 2849 1134 2926 permissa,

92 2955 228 3015 stimmo
260 2962 370 3017 exacta
398 2956 520 3015 iocandi
548 2956 677 3016 licentia
708 2956 940 3033 diripiendique
969 2974 1135 3032 pomorum

132 3068 164 3121 et
185 3061 384 3122 obsoniorum
406 3081 571 3138 rerumque
597 3107 603 3121 .
628 3109 634 3122 .
662 3108 669 3121 .
695 3061 836 3121 missilia.
879 3061 977 3120 Nullo
998 3060 1134 3138 denique

131 3186 244 3244 genere
257 3168 429 3228 hilaritatis
444 3168 606 3228 abstinuit.

171 3273 317 3335 Vicinam
341 3273 471 3350 Capreis
495 3273 631 3333 insulam
656 3273 883 3350 Apragopolim
910 3272 1093 3350 appellabat
1116 3288 1158 3334 14

130 3378 252 3439 desidia
272 3378 483 3439 secedentium
502 3378 578 3437 illuc
597 3397 614 3438 e
634 3378 784 3438 comitatu
805 3397 868 3437 suo.
913 3379 974 3437 Sed
988 3397 1026 3438 ex
1041 3378 1136 3439 dilec-

93 3484 174 3544 sotis
197 3505 304 3559 unum,
327 3483 500 3560 Masgaban
524 3483 659 3558 nomine,
681 3483 771 3561 quasi
797 3484 989 3543 conditorem
1012 3470 1134 3545 insulae

132 3593 249 3668 κτίστην
265 3609 374 3649 vocare
387 3595 598 3649 consueverat.
635 3588 740 3647 Huius
752 3589 921 3664 Masgabae
932 3595 1005 3648 11111
1016 3608 1134 3648 annum

131 3694 273 3754 defuncti
290 3695 445 3754 tumulum
460 3714 531 3754 cum
545 3715 561 3754 e
577 3693 715 3754 triclinio
729 3694 1006 3757 animadvertisset
1021 3713 1135 3775 magna
