2678 4140
137 106 181 169 42
220 118 252 168 c.
276 116 433 168 scaros]
454 118 684 179 russorum
706 118 756 167 nr
778 117 870 167 vrrs
891 117 1098 168 clusinum

137 308 174 349 ae
195 289 397 349 iamdudum
417 291 612 368 opperientis
629 290 827 367 destitueret,
847 289 960 366 quinta
974 289 1044 350 fere
1064 288 1143 349 hora

138 414 322 472 progressus
342 404 392 454 est
412 395 617 472 libellumque
632 395 819 454 insidiarum
839 395 976 454 indicem
990 395 1032 454 ab
1049 395 1143 454 obvio

139 501 275 578 quodam
299 510 479 577 porrectum
502 501 620 559 libellis
646 500 759 560 ceteris
786 519 865 577 qnos
893 501 1025 560 sinistra
1047 519 1144 560 manu

140 605 267 664 tenebat
287 605 379 682 qnasi
400 626 472 664 mox
494 605 632 664 lecturus
653 606 859 665 commiscuit
899 606 984 665 Dein
997 605 1144 684 pluribus

115 711 252 770 shostiis
280 711 379 770 caesis
413 731 484 769 cum
517 711 610 770 litare
639 731 703 769 uon
729 718 846 788 posset,
872 710 998 770 introiit
1025 711 1145 770 curiam

140 824 247 893 spreta
277 817 428 892 religione
462 817 714 894 Spurinnamque
741 816 876 876 irrideus
903 823 937 876 et
962 822 1000 875 nt
1026 816 1146 876 falsum

139 940 274 996 arguens
290 922 375 998 qnod
395 922 463 980 sine
480 921 546 980 nlla
562 940 620 980 sua
637 941 720 980 noxa
738 921 816 980 Idus
829 921 966 980 Martiae
979 921 1146 980 adessent:

140 1045 320 1103 quanquam
341 1027 369 1084 is
389 1026 513 1085 venisse
534 1026 663 1103 quidem
683 1045 736 1086 eas
756 1026 885 1100 diceret,
899 1027 955 1085 sed
976 1029 1041 1084 uon
1060 1045 1148 1105 prae-

141 1131 261 1191 terisse.

103 1253 132 1297 10
182 1237 384 1296 Assidentem
406 1238 578 1314 conspirati
605 1238 709 1314 specie
737 1236 831 1295 officii
859 1237 1146 1311 circumsteterunt,
1170 1246 1189 1296 8:

142 1341 276 1417 ilicoque
297 1341 423 1400 Cimber
444 1343 568 1417 Tillius,
590 1343 646 1419 qni
673 1342 792 1419 primas
819 1348 927 1418 partes
954 1345 1146 1419 susceperat,

141 1446 232 1522 quasi
253 1446 374 1521 aliquid
396 1454 561 1522 rogaturus
583 1448 714 1524 propius
734 1447 869 1507 accessit
889 1447 1099 1524 renuentique
1117 1451 1149 1506 et

142 1558 233 1627 gestu
247 1551 281 1609 in
295 1551 382 1609 aliud
396 1558 521 1628 tempus
542 1553 703 1611 differenti
716 1552 757 1611 ab
770 1559 905 1630 utroque
917 1571 1027 1611 nmero
1041 1558 1149 1628 togam

142 1656 368 1733 adprehendit;
399 1657 512 1716 deinde
540 1657 745 1716 clamantem:
780 1659 870 1717 Ista
895 1656 1058 1734 quidem
1085 1657 1148 1716 vis

104 1779 133 1822 15
143 1765 214 1821 est!
238 1763 351 1821 altere
369 1761 475 1821 Cascis
494 1781 640 1821 aversum
654 1763 801 1822 vulnerat
815 1763 945 1840 paulum
960 1762 1046 1822 infra
1061 1763 1150 1838 iugu-

142 1867 217 1926 lum
260 1867 375 1927 Caesar
389 1867 504 1926 Cascae
517 1867 680 1926 brachium
693 1873 855 1944 arreptum
876 1867 1171 1944 graphio'traiecita

144 1977 335 2049 conatusque
363 1973 508 2049 prosilire
535 1972 598 2031 alio
625 1973 755 2031 vnlnere
783 1973 926 2032 tardatus
954 1978 1022 2047 est;
1049 1978 1150 2049 utque

143 2078 368 2138 animadvertit
388 2078 527 2154 undique
555 2097 588 2137 se
616 2078 736 2137 strictis
763 2077 952 2155 pugionibus
976 2077 1055 2154 peti,
1075 2084 1150 2154 toga

145 2189 239 2260 capnt
256 2183 406 2257 obvolvit,
425 2182 517 2241 simul
537 2183 665 2242 sinistra
683 2202 777 2242 manu
796 2183 901 2242 sinum
918 2183 960 2242 ad
978 2183 1042 2242 ima
1059 2202 1150 2243 crura

105 2287 276 2347 aodednxit
297 2307 358 2364 quo
382 2288 545 2347 honestius
568 2289 693 2347 caderet
716 2288 812 2347 etiam
837 2287 987 2346 inferiore
1009 2288 1149 2365 corporis

144 2399 234 2470 parte
248 2393 361 2452 velata.
395 2393 501 2469 Atque
517 2394 562 2451 ita
577 2393 678 2451 tribus
693 2398 726 2452 et
739 2393 855 2468 viginti
868 2392 971 2469 plagis
984 2391 1149 2451 confossus

145 2504 193 2558 est
207 2517 269 2556 uuo
290 2499 382 2556 modo
403 2499 443 2558 ad
464 2498 602 2575 primum
624 2498 722 2557 ictum
743 2498 863 2574 gemitu
880 2498 948 2556 sine
962 2516 1038 2557 voce
1054 2497 1149 2572 edito,

145 2604 204 2662 etsi
225 2604 425 2663 tradiderunt
445 2604 574 2679 quidam
595 2605 703 2662 Marco
730 2603 830 2661 Bruto
851 2603 985 2662 irruenti
1013 2602 1149 2663 dixisse:

145 2711 201 2769 Kal
215 2712 252 2769 ml
265 2711 374 2783 τέκνον;
395 2709 558 2768 Exanimis
569 2708 809 2785 diffugientibus
821 2707 941 2767 cunctis
952 2707 1173 2784 aliquamdius

106 2813 250 2889 asiacuit,
279 2815 377 2873 donec
404 2814 533 2873 lecticae
562 2814 755 2891 impositum,
783 2813 981 2890 dependente
1009 2812 1148 2888 brachio,

146 2924 210 2979 tres
224 2920 339 2979 servoli
360 2920 488 2979 domum
509 2920 708 2980 rettulerunt.
750 2920 782 2977 N
784 2938 819 2977 ec
837 2919 870 2976 in
889 2924 938 2978 tot
952 2917 1148 2992 vulneribus,

146 3031 182 3085 ut
196 3026 356 3086 Antistius
371 3027 510 3086 medicus
528 3025 739 3100 existimabat,
757 3024 852 3084 letale
868 3024 970 3082 ullum
988 3028 1150 3100 repertum

146 3136 195 3191 est
207 3132 270 3191 nisi
284 3133 367 3209 quod
383 3134 518 3192 secundo
533 3133 600 3192 loco
615 3133 648 3189 in
663 3138 789 3210 pectore
803 3135 975 3208 acceperat.

185 3239 302 3300 Fuerat
331 3241 455 3300 animus
490 3239 659 3299 coniuratis
688 3257 800 3315 corpus
826 3237 919 3296 occisi
947 3236 980 3294 iu
1008 3234 1173 3295 Tiberim

107 3346 279 3422 attrahere,
293 3347 375 3407 bona
389 3347 557 3425 publicare,
572 3352 642 3406 acta
663 3345 848 3420 rescindere,
865 3344 919 3403 sed
941 3348 1027 3402 metu
1048 3341 1150 3401 Marci

148 3451 266 3511 Antoni
281 3453 417 3512 consulis
439 3459 471 3512 et
493 3453 634 3527 magistri
656 3452 798 3528 equitum
819 3451 933 3528 Lepidi
947 3448 1148 3509 destitemmt.

187 3557 372 3618 Postulaute
386 3577 459 3634 ergo
474 3556 570 3616 Lucio
584 3557 698 3616 Pisone
716 3576 830 3631 socero,
842 3559 1067 3616 testamentum
1082 3554 1149 3614 eius
1172 3561 1189 3611 8
