2678 4140
401 252 513 302 nlnnn
536 252 573 301 11.
609 252 722 303 nrvus
746 251 937 302 incussus
1107 237 1171 302 105
1227 251 1228 254 ’

176 423 260 484 turba
281 423 454 501 multisque
475 425 648 484 luminibus
670 425 875 502 frequentari,
900 442 1027 484 versum
1052 442 1173 501 compo

175 529 263 588 situm
279 547 319 589 ex
333 535 474 606 tempore
489 530 572 590 clare
586 530 821 607 pronuntiavit:

356 688 483 747 Κτίστου
504 687 533 747 δὲ
554 689 663 763 τύμβον
683 690 782 766 εἶσορῶ
803 691 986 766 πυρούμενον·

173 865 400 924 conversusque
420 846 461 906 ad
483 847 697 924 Thrasyllum,
714 846 821 906 Tiberi
836 847 982 906 comitem
1002 852 1110 906 contra
1126 864 1174 906 ac

173 952 336 1012 cubantem
357 957 390 1011 et
411 953 555 1028 ignarum
577 953 632 1026 rei,
649 952 857 1029 interrogavit
879 953 1040 1012 cuiusnam
1062 957 1197 1029 poetaeo

174 1062 297 1135 putaret
311 1075 397 1132 esse3
419 1075 481 1134 quo
496 1057 672 1117 haesitante
687 1057 821 1117 subiecit
834 1057 949 1117 alium:
984 1082 987 1087 ·

374 1211 460 1292 Ὁρᾷς
482 1215 591 1289 φάεσσι
612 1216 779 1295 Μασγάβαν
799 1216 968 1292 τιμώμενον;

173 1393 207 1434 ac
229 1374 269 1435 de
293 1375 354 1434 hoc
377 1394 501 1452 quoque
526 1375 692 1435 consuluit.
735 1374 815 1435 (lum
843 1375 897 1434 ille
918 1374 999 1433 nihil
1022 1373 1109 1435 aliud
1131 1393 1176 1434 re-
1272 1445 1276 1454 Ι

174 1479 341 1557 sponderet
379 1499 474 1557 quam
514 1481 736 1558 cuiuscumque
776 1485 882 1539 essent
921 1479 1058 1558 optimos
1097 1498 1174 1554 esse,

144 1585 359 1647 scachmnum
387 1586 518 1646 sustulit
544 1592 640 1663 atque
668 1585 702 1645 in
729 1586 812 1645 iocos
841 1585 960 1645 effusus
989 1591 1046 1645 est.
1099 1587 1175 1645 Mox
1185 1601 1214 1646 10
1249 1590 1275 1618 ‘s

173 1691 340 1768 Neapolim
368 1691 493 1751 traiecit
520 1710 700 1768 quanquam
728 1691 825 1752 etiam
849 1696 917 1751 tum
942 1690 1076 1750 infirmis
1099 1691 1177 1750 inte-

175 1797 265 1856 stinis
284 1796 393 1865 morbo
407 1798 567 1873 variante3
590 1802 696 1858 tamen
716 1803 748 1857 et
766 1796 999 1874 quinquennale
1018 1801 1176 1855 certamen
1243 1810 1269 1840 v

174 1903 354 1981 gymnicum
377 1903 489 1963 honori
520 1922 576 1963 suo
600 1904 784 1964 institutum
809 1903 1024 1981 perspectauit
1048 1907 1081 1962 et
1105 1920 1176 1962 eum

174 2008 299 2068 Tiberio
312 2008 353 2067 ad
367 2008 561 2069 destinatum
572 2009 675 2069 locum
687 2009 858 2069 contendit.
900 2008 961 2068 Sed
972 2008 1007 2066 in
1017 2006 1176 2067 redeundo

173 2114 344 2191 adgravata
370 2114 546 2174 valitudine
574 2116 702 2176 tandem
731 2115 832 2175 Nolae
859 2113 1026 2174 succubuit
1055 2125 1215 2173 revocans

173 2225 302 2296 tumque
317 2238 355 2278 ex
369 2219 482 2280 itinere
497 2220 659 2280 Tiberium
673 2221 729 2281 diu
744 2227 863 2282 secreto
878 2238 1020 2280 sermone
1037 2217 1176 2278 detinuit

173 2343 273 2402 neque
288 2331 360 2402 post
374 2325 433 2384 ulli
447 2325 558 2385 maiori
572 2327 698 2403 negotio
712 2327 853 2386 animum
867 2323 1137 2386 accommodavit..

110 2431 153 2489 99
213 2431 365 2508 Supremo
385 2431 437 2490 die
465 2432 638 2491 identidem
663 2432 831 2510 exquirens
855 2451 896 2491 an
920 2431 983 2491 iam
1011 2430 1051 2489 de
1072 2448 1106 2489 se
1130 2434 1177 2489 tu-
1287 2416 1292 2425 ’

175 2535 292 2596 multus
307 2536 385 2596 foris
402 2543 495 2612 esset,
512 2538 614 2615 petito
635 2538 763 2616 speculo
784 2537 934 2614 capillum
956 2535 1017 2595 sibi
1039 2533 1119 2594 comi
1139 2552 1176 2593 ac

174 2642 271 2702 malas
286 2643 428 2703 labantes
444 2643 557 2720 corrigi
571 2644 733 2721 praecepit
749 2648 782 2703 et
799 2642 954 2702 admissos
973 2640 1090 2701 amicos
1109 2651 1214 2716 per-ao

175 2754 318 2809 cantatus
359 2749 499 2826 ecquid
539 2749 590 2808 iis
630 2750 837 2809 videretur
876 2748 1031 2806 mimum
1068 2744 1175 2804 vitae

175 2853 370 2915 commode
397 2855 654 2931 transegisse,
675 2855 792 2914 adiecit
813 2859 846 2914 et
867 2851 1054 2914 clausulam:

340 3010 419 3073 Ἐπεὶ
433 3011 462 3072 δὲ
476 3014 548 3073 πάνυ
562 3016 650 3076 καλῶς
665 3013 825 3086 πέπαισται,
840 3011 903 3084 δότε
917 3010 1017 3088 κράτον

355 3119 399 3178 καὶ
413 3121 513 3182 πάντες
528 3120 600 3195 ἡμᾶς
613 3121 684 3195 μετὰ
697 3125 784 3199 χαρᾶς
798 3116 988 3195 προπέμψατε.

175 3276 327 3339 Omnibus
348 3278 462 3339 deinde
483 3278 634 3354 dimissis,
655 3278 731 3337 dum
753 3276 957 3338 advenientes
980 3274 1020 3335 ab
1038 3273 1115 3333 urbe
1137 3272 1215 3336 deno

173 3382 270 3443 Drusi
296 3383 364 3444 filia
390 3403 484 3460 aegra
511 3385 693 3461 interrogat,
716 3387 845 3460 repente
869 3382 903 3439 in
925 3379 1039 3439 osculis
1068 3377 1177 3438 Liviae

174 3494 206 3550 et
240 3489 274 3548 in
308 3489 366 3550 hac
393 3509 468 3549 voce
502 3490 636 3550 defecit:
672 3489 799 3563 Livia,
834 3486 965 3547 nostri
1001 3483 1179 3559 coniugii

175 3613 316 3654 memor
343 3595 442 3671 vive,
471 3614 513 3654 ac
541 3595 646 3654 vale!
689 3593 818 3654 sortitus
844 3593 964 3652 exitum
992 3590 1119 3650 facilem
1147 3593 1180 3648 et

152 3699 299 3776 aqualem
320 3718 443 3778 semper
464 3705 636 3778 optaverat.
678 3700 763 3759 Nam
784 3698 851 3758 fere
872 3697 1017 3774 quotiens
1038 3694 1180 3755 audisset
