2678 4140
149 201 191 265 54
233 213 263 264 C.
288 211 444 264 SUETONI
467 211 695 274 TRANQUILLI
717 211 766 261 DE
790 211 881 262 VITA
905 211 1107 262 CAESARUM

150 405 261 464 quam
285 405 304 446 a
328 387 372 445 M.
395 385 574 462 Agrippa
602 384 766 460 fugatae
791 383 873 444 sint
896 384 1071 444 hostium
1095 403 1154 445 na

150 510 224 551 ves.
278 490 344 550 Alii
372 490 493 550 dictum
520 489 703 567 factumque
731 489 798 549 eius
827 489 1033 549 criminantur
1060 491 1153 568 quasi

151 596 301 657 elassibus
327 599 517 672 tempestate
545 595 679 672 perditis
702 594 925 655 exclamaverit
952 595 1072 655 etiam
1102 597 1154 655 in-

150 702 233 761 vito
257 703 443 779 Neptuno
466 701 678 761 victoriam
706 720 744 761 se
773 701 1007 778 adepturum
1036 721 1072 763 ac
1100 703 1153 762 die

126 807 334 867 cciroensium
364 807 506 884 proximo
536 806 680 866 sollemni
709 825 842 885 pompae
872 806 1073 867 simulacrum
1100 809 1153 869 dei

150 912 330 982 detraxerit.
372 913 440 972 Nec
467 917 585 972 temere
609 912 701 989 plura
724 931 761 973 ao
785 912 902 972 maiora
926 913 1066 991 pericula
1086 915 1178 975 111103

149 1018 212 1078 alio
226 1018 309 1077 bello
326 1017 414 1080 adiit.
458 1018 602 1078 Treiecto
619 1018 653 1076 in
673 1017 812 1078 Siciliam
832 1019 980 1094 exercitu,
995 1038 1066 1079 cum
1084 1039 1154 1098 par-

150 1129 214 1183 tem
236 1123 389 1201 reliquam
411 1124 570 1201 copiarum
597 1123 771 1183 continenti
795 1130 960 1202 repeteret,
982 1144 1152 1203 oppressus

150 1248 189 1288 ex
211 1229 412 1306 inprovisoa
442 1229 636 1289 Demochare
667 1234 700 1288 et
730 1229 950 1307 Apollophane
981 1230 1152 1309 praefectis

113 1344 142 1390 10
150 1335 281 1412 Pompei
302 1354 364 1393 uno
385 1335 512 1394 demum
532 1334 658 1410 navigio
675 1335 846 1410 aegerrime
867 1335 987 1411 effugit.
1030 1337 1154 1396 Iterum

151 1459 222 1500 cum
242 1445 367 1517 praeter
388 1441 503 1499 Locros
526 1439 660 1515 Regium
683 1440 815 1518 pedibus
840 1439 902 1500 iret
923 1447 955 1500 et
976 1443 1153 1520 prospectis

150 1545 320 1605 biremibus
342 1531 543 1622 Pompeianis
565 1550 682 1605 terram
702 1545 879 1621 legentibus
901 1564 973 1605 suas
994 1552 1082 1607 ratus
1102 1548 1154 1607 de

152 1650 323 1711 scendisset
350 1650 390 1709 ad
418 1650 504 1725 litus,
533 1669 631 1728 paene
660 1655 809 1728 exceptus
838 1656 894 1710 est.
941 1653 1029 1711 Tunc
1057 1652 1153 1712 etiam

150 1775 207 1833 per
234 1755 341 1814 devios
370 1755 512 1815 tramites
541 1755 750 1831 refugientem
778 1775 886 1816 servus
915 1757 1033 1816 Aemili
1060 1758 1153 1817 Pauli

113 1871 142 1916 15
152 1860 274 1939 comitis
309 1859 385 1934 eius,
414 1860 523 1919 dolens
555 1861 767 1938 proscriptum
795 1860 872 1919 olim
898 1860 939 1921 ab
966 1881 1002 1921 eo
1030 1868 1154 1940 patrem

151 1966 285 2024 Paulum
313 1970 346 2024 et
373 1965 464 2042 quasi
492 1964 652 2024 occasione
679 1965 809 2024 ultionis
838 1965 952 2041 oblata,
978 1966 1153 2028 interficere

152 2077 280 2131 conatus
295 2075 351 2130 est.

190 2176 268 2237 Post
288 2177 421 2254 Pompei
441 2176 551 2253 fugam
570 2177 758 2253 collegarum
778 2177 912 2238 alterum
927 2180 971 2238 M.
987 2180 1177 2257 Lepidum,4

151 2301 245 2360 quem
276 2301 314 2342 ex
345 2282 455 2342 Africa
484 2282 518 2340 in
546 2282 699 2342 auxilium
734 2290 888 2359 evocarat,
921 2285 1154 2362 superbientem

113 2388 267 2462 mviginti
287 2388 445 2463 legionum
465 2388 581 2447 fiducia
602 2407 801 2466 summasque
824 2389 884 2447 sibi
906 2395 1012 2467 partes
1035 2395 1154 2451 terrore

152 2499 185 2552 et
208 2493 302 2553 minis
330 2493 543 2552 vindicantem
572 2492 722 2570 spoliavit
750 2495 889 2553 exercitu
917 2494 1154 2573 supplicemque

153 2616 298 2658 concessa
312 2599 378 2658 vita
393 2598 534 2658 Cerceios
549 2598 583 2656 in
597 2604 785 2675 perpetuum
800 2600 960 2676 relegavit.

193 2705 237 2763 M.
266 2703 385 2763 Antoni
414 2703 595 2763 societatem
631 2722 754 2781 semper
784 2705 912 2765 dubiam
942 2713 974 2766 et
1001 2707 1154 2768 incertam
1178 2721 1197 2770 1¹

153 2809 519 2885 reconciliationibusque
540 2809 636 2869 variis
658 2809 740 2869 male
761 2809 923 2871 focilatam
941 2812 1070 2890 abrupit
1089 2820 1156 2874 tan·

114 2916 234 2990 aedem,
249 2920 281 2975 et
295 2934 357 2992 quo
372 2914 471 2990 magis
486 2915 690 2990 degenerasse
707 2934 778 2974 eum
795 2935 815 2975 a
831 2917 917 2975 civili
939 2936 1024 2978 more
1044 2938 1156 2997 appro

153 3020 250 3094 baret,
274 3025 499 3107 testamentum
520 3020 603 3096 quod
624 3020 651 3079 is
674 3022 792 3081 Romae
814 3021 909 3082 etiam
928 3023 967 3082 de
987 3024 1155 3102 Cleopatra

153 3126 261 3184 liberis
283 3125 366 3185 inter
390 3125 519 3184 heredes
541 3126 730 3203 nuncupatis
754 3127 925 3204 reliquerat
946 3130 1155 3206 aperiundum

154 3230 411 3308 recitandumque
439 3249 496 3308 pro
524 3231 667 3291 contione
700 3233 830 3292 curavit.
885 3234 1022 3294 Remisit
1049 3240 1180 3295 tament

154 3336 238 3395 hosti
266 3336 403 3396 iudicato
437 3337 684 3396 necessitudines
715 3339 893 3416 amicosque
922 3359 1029 3399 omnes
1059 3346 1155 3419 atque

117 3441 237 3501 30111101
257 3441 335 3502 alios
357 3442 390 3500 O.
414 3441 538 3501 Sosium
559 3447 591 3501 et
613 3443 647 3501 T.
669 3443 846 3503 Domitium
867 3450 942 3504 tunc
963 3445 1066 3505 adhuc
1088 3465 1157 3507 oon-

155 3547 247 3605 sules.
290 3546 539 3606 Bononiensibus
562 3566 685 3625 quoque
707 3548 840 3625 publice,
856 3550 939 3627 quod
954 3550 988 3609 in
1007 3551 1158 3612 Antonio

155 3671 225 3711 rum
244 3651 390 3712 clientela
410 3652 585 3730 antiquitus
605 3658 704 3728 erant,
722 3654 856 3729 gratiam
875 3655 953 3715 fecit
973 3657 1157 3718 coniurandi
