2678 4140
413 271 526 321 maan
549 271 572 321 1.
609 270 721 320 DIVUS
744 270 867 320 IULIUS
1124 259 1143 321 9

136 446 223 524 quod
243 445 433 505 Mithridate
454 463 527 521 rege
549 444 633 505 victo
662 444 860 504 cunctantius
886 444 1143 505 confirmarentur

136 557 209 612 acta
233 570 308 626 sua3
338 550 552 627 Pompeioque
580 551 722 609 Marcum
747 550 895 608 Crassum
920 550 1144 628 reconciliavit,

137 663 278 717 veterem
300 656 463 715 inimicum
484 674 522 714 ex
544 655 717 729 consulatu,
733 674 826 732 quem
848 674 969 716 summa
988 657 1145 717 discordia
1196 688 1201 698 ·

139 763 234 822 simul
263 768 443 838 gesserant3
474 780 511 821 ac
540 761 723 821 societatem
751 781 822 820 cum
846 768 980 839 utroque
1005 763 1078 823 iniit
1104 781 1145 822 ne

139 869 216 946 quid
244 874 391 945 ageretur
419 868 452 926 in
480 886 513 926 re
542 867 668 944 publica
693 868 776 944 quod
805 868 1021 945 displicuisset
1044 869 1103 927 ulli
1128 880 1169 928 et

139 975 251 1034 tribus,

78 1099 116 1148 20
181 1081 268 1140 Inito
282 1080 399 1140 honore
417 1080 537 1157 primus
553 1080 693 1138 omnium
715 1080 856 1140 instituit
875 1088 911 1139 ut
932 1087 998 1140 tam
1018 1087 1144 1141 senatus

140 1205 236 1262 quam
264 1185 375 1263 populi
402 1185 515 1244 diurna
543 1191 614 1244 acta
642 1185 812 1245 confierent
840 1192 872 1244 et
900 1185 1143 1263 publicarentur.

141 1291 319 1367 Antiquum
340 1291 437 1350 etiam
459 1291 584 1350 rettulit
606 1309 723 1349 morem
744 1297 789 1366 ut,
818 1310 880 1368 quo
909 1309 1015 1351 mense
1043 1291 1145 1351 fasces

140 1416 204 1456 non
220 1395 360 1470 haberet,
378 1415 526 1461 accensus
543 1402 617 1456 ante
632 1415 702 1454 eum
718 1396 788 1471 iret,
803 1397 929 1457 lictores
944 1416 1026 1475 pone
1041 1415 1147 1474 seque
1156 1408 1185 1454 10
1232 1398 1246 1431 l

141 1506 259 1560 rentur.
302 1502 385 1576 Lege
409 1506 516 1559 autem
540 1501 663 1577 agraria
688 1501 886 1578 promulgata
908 1501 1146 1561 obnuntiantem

142 1607 294 1682 collegam
314 1607 410 1666 armis
426 1606 496 1665 foro
510 1607 634 1684 expulit
647 1625 684 1665 ac
698 1612 824 1684 postero
838 1607 890 1665 die
905 1607 938 1666 in
953 1613 1064 1667 senatu
1079 1626 1147 1666 oon-

142 1718 289 1789 questum
310 1730 368 1772 nec
389 1731 547 1788 quoquam
568 1717 693 1789 reperto
710 1712 766 1789 qni
783 1731 877 1789 super
896 1713 955 1771 tali
972 1718 1148 1795 consterna

142 1818 228 1877 tione
250 1818 367 1876 referre
389 1822 444 1876 aut
466 1837 591 1877 censere
616 1818 737 1894 aliquid
758 1819 897 1892 auderet,
919 1818 1026 1895 qualia
1047 1819 1148 1878 multa

143 1940 237 1999 saepe
258 1922 291 1982 in
312 1923 483 1982 levioribus
509 1924 610 1983 turbis
633 1924 759 1982 decreta
779 1929 878 1997 erant,
901 1923 934 1981 in
955 1942 1024 1983 eam
1046 1924 1149 2001 coegit
1158 1938 1187 1983 lo

142 2028 396 2105 desperationem
419 2022 456 2088 ut
478 2029 581 2105 quoad
603 2033 760 2107 potestate
781 2029 882 2088 abiret
907 2028 999 2088 domo
1020 2029 1147 2089 abditus

142 2133 223 2191 nihil
238 2133 326 2193 aliud
341 2152 435 2210 quam
453 2153 509 2211 per
523 2134 627 2197 edicta
642 2133 851 2194 obnuntiaret.

116 2245 133 2289 2
183 2240 276 2299 Unus
288 2258 327 2298 ex
339 2258 375 2298 eo
389 2246 531 2318 tempore
542 2240 647 2299 omnia
658 2239 691 2297 in
703 2258 736 2298 re
751 2239 877 2316 publica
888 2241 970 2301 etad
981 2241 1147 2301 arbitrium
1222 2250 1234 2277 ¹

142 2344 389 2419 administravit,
419 2351 456 2404 ut
485 2345 629 2404 nonnulli
659 2345 859 2419 urbanorum,
888 2365 959 2404 cum
987 2346 1064 2423 quid
1092 2365 1149 2423 per

143 2451 247 2509 iocum
268 2450 407 2509 testandi
428 2451 531 2526 gratia
552 2451 722 2526 signarent,
737 2470 800 2509 non
818 2450 950 2509 Caesare
971 2456 1003 2509 et
1025 2450 1188 2526 Bibulo,ao

144 2555 200 2614 sed
228 2555 312 2614 Iulio
340 2559 372 2614 et
400 2555 532 2616 Caesare
562 2556 740 2615 consulibus
766 2563 871 2616 actum
896 2556 1078 2631 scriberent,
1099 2555 1148 2616 bis

143 2661 277 2720 eundem
302 2667 530 2739 praeponentes
558 2663 684 2721 nomine
712 2668 807 2738 atque
837 2662 1029 2738 cognomine,
1050 2668 1148 2739 utque

142 2766 237 2842 vulgo
251 2786 324 2825 mox
339 2766 498 2826 ferrentur
511 2767 545 2825 hi
559 2786 687 2826 versus:

143 2922 232 2981 Non
246 2921 392 2982 Bibulo
406 2922 586 3000 quiddam
604 2942 728 3000 nuper
747 2924 810 2982 sed
832 2923 990 2984 Caesare
1006 2925 1149 2984 factum

306 3033 382 3087 est:
1158 3053 1187 3099 26

226 3153 314 3192 nam
335 3132 484 3193 Bibulo
506 3134 608 3193 fieri
630 3135 797 3194 consule
818 3135 879 3193 nil
902 3135 1073 3195 memini.

121 3294 300 3372 aCampum
333 3295 497 3355 Stellatem
528 3296 698 3356 maioribus
730 3303 944 3357 consecratum
977 3315 1149 3374 agrumque

146 3401 342 3478 Campanum
362 3401 402 3460 ad
424 3401 566 3461 subsidia
580 3402 625 3461 rei
640 3402 784 3480 publicae
799 3403 986 3479 vectigalem
1003 3403 1149 3463 relictum

146 3505 257 3565 divisit
279 3511 369 3566 extra
394 3513 509 3567 sortem
527 3509 576 3569 ad
589 3509 711 3584 ,viginti
736 3509 863 3568 milibus
893 3510 1010 3568 civium
1035 3509 1148 3584 quibus

147 3612 230 3671 terni
251 3611 397 3689 pluresve
426 3614 518 3673 liberi
539 3606 659 3676 essent.
715 3617 903 3676 Publicanos
933 3616 1187 3676 remissionemao

148 3717 286 3794 petentis
309 3718 404 3778 tertia
425 3720 603 3780 mercedum
625 3728 715 3799 parte
736 3722 889 3782 relevavit
909 3741 945 3781 ao
959 3741 998 3781 ne
1019 3722 1052 3779 in
1071 3722 1149 3780 loca-
