2678 4140
421 252 533 303 ursus
556 253 579 303 1.
614 251 727 302 nrvus
751 251 872 302 murus
1107 237 1150 302 43

151 423 288 503 aperitur
309 424 522 501 recitaturque
537 424 570 482 in
584 424 705 483 Antoni
726 425 827 498 domo,
843 424 927 500 quod
948 421 1059 482 Idibus
1078 422 1151 500 Sep

151 529 322 591 tembribus
340 529 493 607 proximis
512 530 545 587 in
563 530 721 589 Lauicano
740 548 796 588 suo
813 528 933 588 fecerat
946 527 1151 588 demandare

149 643 257 714 ratque
274 635 392 711 virgini
410 635 532 695 Vestali
551 635 714 694 maximae.
757 635 893 705 Quintus
911 634 1035 694 Tubero
1052 633 1151 693 tradit

150 741 293 802 heredem
311 740 404 800 abeo
421 740 515 800 scribi
537 740 666 799 solitum
688 759 726 800 ex
748 740 912 800 consulatu
933 740 1033 818 ipsius
1048 739 1150 817 primo

149 867 244 925 usque
259 848 300 906 ad
315 846 444 906 initium
465 846 568 905 civilis
589 846 666 905 belli
681 847 736 906 Cn.
752 846 948 922 Pompeium,
962 845 1057 922 idque
1072 844 1174 903 mili-s

130 953 231 1013 atibus
246 972 304 1030 pro
319 952 463 1012 contione
478 951 654 1011 recitatum.
698 952 759 1010 Sed
776 951 947 1010 novissimo
961 955 1150 1011 testamento

149 1064 210 1118 tres
225 1058 367 1117 instituit
381 1057 512 1116 heredes
534 1076 675 1116 sororum
696 1063 837 1134 nepotes,
852 1057 968 1117 Gaium
985 1056 1151 1116 Octavium

148 1183 184 1223 ex
198 1163 352 1223 dodrante
366 1168 399 1221 et
418 1162 551 1221 Lucium
568 1162 731 1221 Pinarium
745 1168 778 1222 et
791 1162 943 1232 Quintum
964 1161 1097 1221 Pedium
1111 1179 1150 1220 ex
1185 1173 1197 1217 ι

149 1269 320 1346 quadrante
337 1268 478 1344 reliqu03
500 1268 531 1325 in
555 1267 618 1326 ima
639 1286 710 1327 cera
731 1268 846 1327 Gaium
868 1267 1034 1327 Octavium
1055 1266 1151 1327 etiam
1188 1276 1197 1307 r

148 1374 180 1432 in
193 1373 350 1433 familiam
363 1391 539 1449 nomenque
553 1373 733 1450 adoptavit3
752 1373 917 1450 plerosque
932 1390 1151 1450 percussorum
1160 1379 1190 1426 ιο

148 1480 180 1537 in
202 1478 359 1539 tutoribus
380 1478 437 1552 fili,
452 1478 479 1536 si
500 1478 555 1554 qui
577 1477 638 1536 sibi
659 1483 849 1552 nasceretur,
864 1477 1048 1551 nominavit,
1062 1476 1152 1536 Deci-

147 1604 232 1643 mum
247 1585 382 1642 Brutum
397 1582 493 1642 etiam
512 1583 544 1640 in
561 1583 705 1641 secundis
722 1582 898 1641 heredibus.
940 1582 1062 1659 Populo
1083 1582 1151 1640 hor·

147 1696 195 1750 tos
217 1689 299 1749 circa
321 1687 461 1747 Tiberim
482 1688 607 1765 publice
628 1693 661 1746 et
682 1686 804 1747 viritim
824 1693 966 1746 trecenos
988 1688 1150 1747 sestertios

146 1794 271 1872 legavit.

83 1908 128 1958 84
185 1902 308 1959 Funere
331 1899 450 1958 indicto
472 1917 564 1974 rogus
593 1903 755 1958 extructus
778 1898 880 1958 estin
901 1898 1019 1957 Martio
1041 1917 1151 1975 campo
1160 1910 1188 1955 15
1268 1920 1272 1925 ·

146 2005 234 2065 iuxta
262 2004 363 2064 Iuliae
391 2004 548 2063 tumulum
576 2009 608 2063 et
636 2022 693 2080 pro
721 2002 831 2062 rostris
859 2009 970 2063 aurata
989 2004 1081 2063 aedes
1109 2002 1150 2062 ad

147 2110 348 2170 simulacrum
370 2109 482 2186 templi
503 2110 635 2169 Veneris
661 2109 838 2169 Genetricis
868 2109 1034 2183 collocata3
1055 2108 1151 2168 intra

147 2235 206 2292 que
220 2217 321 2275 lectus
339 2213 493 2273 eburneus
510 2233 586 2273 auro
604 2232 640 2273 ao
654 2232 795 2290 purpura
813 2219 931 2273 stratus
949 2219 981 2273 et
998 2213 1037 2272 ad
1055 2219 1150 2291 caput

148 2327 310 2399 tropaeum
327 2338 398 2378 oum
417 2323 505 2378 veste
523 2319 556 2376 in
572 2338 634 2395 qua
649 2319 755 2378 fuerat
770 2319 898 2378 occisus.
941 2318 1151 2379 Praeferenti·

148 2425 203 2485 bus
218 2443 357 2498 munera,
368 2424 444 2500 quia
458 2423 647 2483 suffecturus
662 2423 729 2482 dies
744 2442 807 2482 non
818 2424 994 2498 videbatur,
1007 2433 1189 2501 praecep-ao

148 2536 214 2589 tum
236 2535 273 2590 ut
297 2529 413 2588 omisso
437 2529 546 2587 ordine
569 2528 682 2604 quibus
708 2528 842 2604 quisque
865 2528 961 2588 vellet
982 2528 1148 2588 itineribus

128 2635 231 2694 turbis
251 2639 393 2712 portaret
417 2633 452 2690 in
476 2635 637 2710 Campum.
681 2634 770 2693 Inter
800 2633 891 2693 ludos
920 2638 1046 2693 cantata
1075 2639 1149 2694 sunt

148 2740 299 2817 quaedam
326 2739 366 2799 ad
395 2738 629 2797 miserationem
657 2743 689 2797 et
713 2738 867 2798 invidiam
889 2739 992 2798 caedis
1014 2739 1081 2798 eius
1102 2758 1149 2799 ao

149 2844 349 2919 commodata,
361 2862 400 2903 ex
414 2842 532 2902 Pacuvi
548 2842 751 2901 Armorum
766 2843 935 2903 Iudicio:

178 2952 263 3010 Men
295 2966 480 3024 servasse,
509 2956 552 3009 ut
583 2957 711 3009 essent
742 2951 805 3026 qui
833 2968 887 3009 me
916 2950 1185 3026 perderent?2o

148 3057 187 3116 Et
200 3075 239 3116 ex
250 3054 411 3113 Electra
423 3051 505 3111 Acili
516 3051 556 3110 ad
568 3050 704 3109 similem
715 3049 912 3109 sententiam.
943 3049 1147 3109 Laudationis

147 3160 211 3220 loco
223 3158 331 3220 consul
347 3157 503 3216 Antonius
518 3175 574 3233 per
588 3173 773 3233 praeconem
788 3155 1005 3231 pronuntiavit
1021 3161 1147 3214 senatus

149 3266 324 3326 consultum
353 3281 415 3339 quo
443 3261 548 3321 omnia
575 3261 668 3320 simul
697 3261 726 3320 ei
753 3260 863 3320 divina
889 3266 984 3338 atque
1011 3262 1149 3320 humana

149 3371 336 3444 decreverat,
351 3369 428 3428 item
449 3367 498 3425 ius
520 3367 686 3426 iurandum
709 3385 770 3443 quo
793 3385 826 3425 se
847 3367 952 3425 cuncti
970 3385 1028 3443 pro
1047 3366 1148 3425 salute

149 3476 238 3536 unius
252 3474 483 3547 astrinxerant;
504 3473 617 3549 quibus
633 3491 789 3549 perpauca
810 3491 829 3531 a
850 3490 883 3530 se
898 3472 993 3531 verba
1013 3471 1186 3531 addiditso

128 3583 278 3644 abactum
301 3599 359 3658 pro
384 3579 495 3638 rostris
517 3578 550 3636 in
571 3577 676 3635 forum
698 3578 902 3653 magistratus
924 3583 957 3637 et
978 3577 1146 3636 honoribus

149 3688 249 3748 functi
268 3685 460 3769 detulerunt.
505 3683 603 3753 Quem
625 3701 696 3741 oum
716 3701 789 3759 pars
811 3682 845 3740 in
866 3682 1039 3760 Capitolini
1061 3682 1147 3741 Iovis
