2678 4140
411 257 523 335 nmen
545 258 583 308 11.
618 258 733 310 mvus
755 258 945 310 aucusrus
1139 247 1180 310 95

180 426 298 492 lumina
312 448 384 492 cum
398 430 460 491 iam
476 431 579 491 senior
593 449 632 491 ex
646 451 759 508 magna
773 437 864 510 parte
877 431 1015 508 legisset,
1026 431 1180 509 fatigatus

179 534 305 595 Tiberio
333 534 468 596 tradidit
494 535 701 613 perlegenda3
734 536 811 596 item
836 537 1108 596 Hortationes
1133 536 1181 597 ad

175 639 641 718 Philosophiametaliqua
655 642 701 701 de
716 642 811 702 Vita
827 643 909 718 Sua,
922 660 1016 718 quam
1028 642 1180 701 tredecim

147 745 267 806 alibris
282 744 469 806 Cantabrico
484 752 576 806 tenus
590 745 673 806 bello
686 766 744 806 nec
758 747 842 807 ultra
856 747 1010 825 exposuit.
1052 747 1181 807 Poetica

175 851 361 911 summatim
390 851 508 928 attigit.
565 853 657 912 Unus
684 851 764 912 liber
791 858 881 912 extat
907 853 1043 930 scriptus
1071 852 1112 912 ab
1145 866 1205 912 eos

174 956 370 1018 hexametris
390 956 542 1033 versibus,
557 958 644 1017 cuius
664 963 697 1017 et
716 964 936 1034 argumentum
952 963 986 1018 ct
1002 958 1115 1018 titulus
1133 963 1182 1018 est

178 1061 344 1138 Sicilia;
365 1063 653 1140 extatalteraeque
668 1063 808 1123 modicus
826 1063 1180 1141 Epigrammatum,

178 1185 259 1245 quae
273 1166 341 1227 fere
352 1173 493 1245 tempore
504 1167 621 1228 balinei
631 1168 851 1228 meditabatur.
894 1167 1181 1244 Namtmgoediam

180 1291 294 1349 magno
320 1272 443 1350 impetu
469 1292 610 1350 exorsus,
634 1293 698 1333 non
726 1274 906 1335 succedenti
935 1274 1019 1349 stilo,
1042 1273 1182 1333 abolevit
1224 1256 1260 1290 ⁵*

181 1377 465 1455 quaerentibusque
484 1379 593 1438 amieis
616 1379 766 1456 quidnam
788 1380 870 1439 Aiax
890 1385 999 1456 ageret
1018 1379 1182 1457 respondit
1192 1394 1220 1439 10

182 1483 345 1543 Aiacem
368 1502 480 1542 suum
502 1483 543 1542 in
564 1485 775 1562 spongiam
796 1485 1043 1544 incubuisse.

113 1583 156 1639 ⁸⁶
221 1589 328 1649 Genus
351 1588 517 1665 eloquendi
538 1595 664 1649 secutus
688 1595 737 1648 est
760 1589 885 1666 elegans
908 1595 1182 1668 attemperatum,

183 1693 291 1754 vitatis
314 1694 544 1753 sententiarum
571 1694 701 1772 ineptiis
724 1700 820 1771 atque
845 1695 1056 1755 concinnitate
1078 1701 1110 1755 et
1132 1713 1184 1754 re
1235 1715 1246 1744 ι

184 1798 439 1859 conditorum
460 1799 685 1874 verborum,
700 1805 738 1859 ut
758 1800 827 1877 ipse
847 1800 935 1876 dicit,
957 1801 1182 1875 fetoribus3
1225 1830 1249 1862 v

184 1903 444 1982 praecipuamque
467 1923 573 1965 curam
594 1904 687 1964 duxit
709 1924 836 1965 sensum
858 1906 956 1965 animi
979 1925 1073 1982 quam
1096 1920 1221 1983 aper-15

186 2010 305 2070 tissime
326 2010 510 2088 exprimere.
552 2010 642 2081 Quod
663 2029 725 2087 quo
746 2010 872 2070 facilius
895 2011 1030 2070 efficeret
1053 2017 1109 2070 aut
1133 2029 1184 2070 ne-

185 2115 252 2175 cubi
269 2114 419 2176 lectorem
432 2116 483 2175 vel
497 2115 675 2176 auditorem
689 2115 871 2175 obturbaret
885 2135 921 2176 ac
936 2122 1119 2192 moraretur,
1133 2135 1184 2176 ne

184 2240 242 2298 que
264 2221 513 2300 praepositiones
535 2220 666 2280 urbibus
688 2221 804 2280 addere
827 2240 928 2298 neque
950 2221 1183 2281 coniunctiones

185 2325 307 2404 saepius
328 2325 443 2387 iterare
456 2325 625 2401 dubitavit,
640 2345 720 2403 quae
735 2327 895 2386 detractae
911 2326 1048 2387 afferunt
1062 2327 1183 2404 aliquid

148 2411 383 2492 ¹aobscuritatis
402 2432 464 2492 etsi
484 2432 618 2508 gratiam
637 2438 762 2507 augent.
805 2431 968 2492 (lacozelos
990 2439 1023 2492 ot
1042 2432 1223 2508 antiquato
1269 2444 1293 2468 V

185 2536 245 2596 rios
266 2542 303 2597 ut
322 2536 448 2596 diverso
467 2556 580 2612 genere
597 2537 729 2597 vitiosos
752 2537 822 2615 pari
843 2537 973 2597 fastidio
994 2537 1115 2615 sprevit
1135 2556 1185 2596 ex-

184 2641 384 2719 agitabatque
398 2661 650 2719 nonnumquam3
671 2643 705 2701 in
722 2642 834 2720 primis
854 2645 1069 2702 Maecenatem
1083 2661 1184 2718 suum,

185 2747 271 2807 cuius
296 2746 592 2826 myrobrechis,
615 2753 653 2808 ut
676 2748 732 2823 ait,
754 2747 968 2807 cincinnos
991 2766 1090 2825 usque
1112 2766 1186 2824 qua
1264 2804 1267 2811 .

184 2871 243 2929 que
256 2852 457 2931 persequitur
471 2858 503 2912 et
516 2852 671 2913 imitando
690 2872 747 2930 per
763 2852 866 2912 iocum
883 2852 1002 2912 irridet.
1046 2853 1107 2913 Sed
1127 2872 1185 2913 nec

184 2957 309 3018 Tiberio
327 2958 430 3037 parcit
450 2964 482 3018 et
502 2959 641 3020 exoletas
663 2959 823 3019 interdum
843 2964 875 3019 et
896 2959 1072 3019 reconditas
1093 2971 1224 3019 vocesas

183 3063 361 3142 aucupanti.
403 3066 448 3125 M.
474 3064 601 3142 quidem
623 3064 798 3124 Antonium
818 3069 855 3124 ut
876 3064 1021 3123 insanum
1044 3062 1186 3142 increpat

184 3169 274 3246 quasi
288 3188 325 3230 ee
339 3170 528 3230 scribentem
541 3190 621 3248 quae
636 3171 790 3231 mirentur
808 3170 914 3248 potius
931 3169 1073 3229 homines
1091 3187 1186 3246 quam

184 3273 388 3352 intellegant3
409 3275 522 3335 deinde
547 3276 658 3336 ludens
684 3276 802 3336 malum
823 3280 855 3335 ot
876 3275 1056 3334 inconstans
1078 3275 1112 3333 in
1133 3274 1187 3335 eli-

161 3380 285 3456 egendo
307 3398 419 3457 genere
443 3381 568 3441 dicendi
592 3381 754 3457 ingenium
778 3381 854 3455 eius,
879 3379 969 3440 addit
993 3379 1086 3440 haec:
1120 3381 1187 3440 Tu-

185 3504 259 3563 que
285 3485 452 3546 dubitas
477 3486 690 3547 Cimberne
716 3487 877 3545 -Annius
906 3505 954 3545 an
981 3486 1225 3547 veraniusso

185 3588 355 3650 Flaccus
389 3591 583 3651 imitandi
618 3592 703 3652 sint
742 3590 832 3665 tibi,
868 3591 927 3651 ita
963 3595 1007 3650 ut
1046 3590 1185 3651 verbis

185 3713 284 3772 quae
311 3694 481 3774 Crispus
514 3697 744 3756 Sallustius
780 3696 992 3773 excerpsit
1026 3715 1072 3755 ex
1107 3695 1188 3756 Ori·
