2678 4140
439 250 551 300 mssa
575 250 597 300 1.
633 250 745 301 nrvus
769 250 891 302 rurrus
1127 239 1166 301 31

168 422 366 512 accersendas
385 422 508 482 frustra
526 442 620 499 saepe
641 423 789 498 misisset,
809 422 1066 500 novissimeipse
1086 422 1166 482 clam

167 533 257 586 noctu
286 527 455 604 parvulum
482 527 645 603 navigium
673 527 758 587 solus
787 527 936 586 obvoluto
965 528 1067 605 capite
1099 546 1167 586 con-

167 632 295 708 scendit,
321 651 422 709 neque
450 639 506 692 aut
531 633 601 709 quis
626 639 710 692 esset
734 639 808 692 ante
834 633 956 692 detexit
979 639 1035 692 aut
1059 632 1167 708 guber-

165 743 305 797 natorem
327 739 435 797 cedere
464 739 614 798 adversae
643 738 827 816 tempestati
855 757 966 816 passus
995 744 1044 797 est
1072 758 1166 815 quam

165 862 260 920 paene
276 843 406 902 obrutus
421 843 577 903 fluctibus.
1175 854 1190 899 5

88 946 152 1007 59
201 950 251 1008 Ne
263 948 415 1025 religione
427 949 554 1026 quidem
565 950 631 1009 ulla
642 969 661 1010 a
672 969 830 1027 quoquam
841 950 966 1027 incepto
977 951 1165 1009 absterritus

162 1072 311 1131 umquam
330 1054 381 1113 vel
399 1055 578 1114 retardatus
595 1059 652 1114 est.
696 1055 776 1114 Cum
793 1055 971 1113 immolanti
988 1055 1166 1131 aufugisset

162 1159 274 1235 hostia,
296 1160 526 1237 profectionem
547 1162 699 1220 adversus
722 1161 901 1238 Scipionem
923 1167 955 1219 et
973 1161 1085 1220 Iubam
1102 1180 1166 1218 non

162 1265 297 1325 distulit.
340 1266 512 1343 Prolapsus
542 1267 637 1326 etiam
665 1267 699 1325 in
728 1285 855 1343 egressu
883 1267 973 1326 navis
1004 1285 1095 1326 verso
1125 1267 1165 1325 ad

163 1370 274 1430 melius
286 1372 408 1446 omine;
426 1373 557 1430 Teneo
571 1378 618 1447 te,
630 1372 744 1449 inquit,
754 1372 783 1429 A
792 1372 849 1430 fri
858 1391 908 1432 ca.
931 1372 983 1430 Ad
995 1371 1164 1430 eludendas
1176 1382 1204 1426 10

111 1502 115 1508 ·
161 1482 267 1536 autem
297 1476 539 1537 vaticinationes
568 1477 682 1554 quibus
714 1477 792 1537 felix
820 1481 853 1537 et
883 1477 1037 1536 invictum
1068 1477 1101 1535 iu
1129 1496 1165 1536 ea

162 1582 324 1659 provincia
345 1583 488 1642 fataliter
510 1582 692 1660 Scipionum
715 1602 828 1641 nomen
850 1583 1020 1658 ferebatur,
1041 1582 1166 1659 despec-

162 1687 321 1746 tissimum
340 1689 497 1764 quendam
512 1707 550 1746 ex
565 1689 781 1748 Corneliorum
796 1708 918 1765 genere,
937 1690 986 1747 cui
1001 1689 1041 1748 ad
1056 1708 1165 1765 oppro-

161 1792 264 1851 brium
285 1793 371 1852 vitae
397 1792 553 1852 Salvitoui
579 1813 749 1870 cognomen
771 1800 848 1869 erat,
870 1794 903 1852 in
925 1794 1036 1853 castris
1059 1812 1164 1853 secum
1230 1814 1234 1841 ·-

161 1897 279 1957 habuit.
1174 1913 1202 1957 15

111 2015 141 2064 60
200 2003 326 2064 Proelia
354 2024 417 2064 non
445 2010 570 2064 tantum
598 2006 767 2080 destinato,
790 2007 845 2065 sed
867 2025 905 2065 ex
927 2005 1088 2064 occasione
1117 2024 1165 2063 su-

161 2108 266 2169 mebat
293 2129 330 2169 ac
358 2129 450 2187 saepe
471 2111 512 2170 ab
533 2111 646 2170 itinere
675 2112 794 2185 statim,
814 2111 974 2170 interdum
1002 2110 1164 2188 spurcissi-

161 2214 219 2272 mis
237 2215 492 2291 tempestatibus,
513 2235 583 2274 cum
604 2216 733 2275 minime
751 2216 822 2293 quis
841 2223 1000 2275 moturum
1018 2222 1162 2292 putaret;

159 2338 216 2378 nec
243 2320 307 2378 nisi
336 2326 478 2397 tempore
506 2328 649 2380 extremo
677 2322 717 2380 ad
745 2321 959 2381 dimicandum
989 2320 1162 2380 cunctatior

160 2425 263 2484 factus
292 2432 349 2500 est,
379 2445 441 2502 quo
470 2427 594 2503 saepius
629 2426 759 2485 vicisset
786 2426 845 2484 hoc
873 2427 976 2485 minus
1004 2426 1204 2502 exponen-20

160 2530 214 2589 dos
250 2549 340 2590 casus
375 2531 508 2607 opinans
537 2531 680 2607 nihilque
716 2551 748 2591 se
777 2536 901 2590 tantum
929 2531 1162 2607 adquisiturum

159 2635 290 2695 victoria
315 2642 468 2712 quantum
490 2683 1160 2698 .......................

160 2787 529 2803 .............
552 2743 676 2802 hostem
710 2743 796 2801 fudit
831 2743 908 2819 quin
943 2743 1055 2801 castris
1090 2762 1163 2819 quo

159 2865 218 2923 que
229 2853 375 2907 exueret:
398 2847 443 2907 ita
453 2848 577 2906 nullum
588 2848 727 2924 spatium
738 2848 915 2925 perterritis
927 2847 1030 2907 dabat.
1070 2847 1162 2905 Anci-

157 2952 219 3029 piti
232 2953 353 3030 proelio
365 2972 460 3029 equos
472 2953 654 3013 dimittebat
666 2959 698 3012 et
709 2953 743 3011 in
754 2954 865 3030 primis
877 2972 977 3028 suum,
990 2972 1052 3029 quo
1063 2952 1161 3012 maior
1170 2967 1199 3011 25

158 3057 363 3135 permanendi
376 3058 547 3117 necessitas
565 3058 779 3135 imponeretur
795 3059 913 3118 auxilio
932 3058 1026 3133 fugae
1044 3064 1159 3135 erepto.

106 3171 135 3220 61
197 3161 359 3222 Utebatur
379 3168 485 3222 autem
505 3182 585 3240 equo
603 3163 731 3239 insigni,
750 3164 882 3241 pedibus
901 3182 997 3240 prope
1015 3163 1160 3222 humanis

158 3272 190 3326 et
203 3267 237 3326 in
253 3268 381 3327 modum
395 3269 569 3344 digitorum
582 3269 709 3345 ungulis
726 3269 820 3344 fissia,
839 3288 932 3345 quem
950 3274 1059 3328 natum
1076 3269 1159 3346 apud

159 3390 200 3449 se,
229 3392 301 3434 cum
328 3374 510 3451 haruspices
540 3374 708 3451 imperium
737 3375 820 3433 orbis
852 3381 954 3433 terrae
985 3374 1160 3449 significare

159 3478 284 3538 domino
302 3480 572 3556 pronuntiassent,
591 3499 705 3555 magna
725 3499 797 3539 cura
814 3479 895 3539 aluit
912 3499 969 3538 nec
987 3480 1199 3556 patientemto

159 3585 288 3669 sessprjs
303 3584 434 3644 alterius
450 3585 571 3662 primus
586 3585 747 3659 ascendit;
769 3585 857 3643 cuius
872 3585 968 3643 ctiam
986 3584 1087 3643 instar
1104 3605 1160 3662 pro

158 3690 232 3748 aede
246 3689 380 3750 Veneris
395 3690 572 3750 Genetricis
588 3695 698 3766 postea
712 3689 878 3749 dedicavit.
