2678 4146
154 203 175 266 4
222 215 252 267 C.
278 214 434 266 SUETONI
457 214 685 276 TRANQUILLI
709 215 757 264 DE
782 213 873 265 VITA
897 194 1109 267 CAESARUM'

155 387 264 463 Magni
286 387 459 447 Alexandri
487 386 623 462 imagine
645 386 799 462 ingemuit
821 392 853 446 et
877 386 968 464 quasi
995 392 1156 466 pertaesus

154 491 312 569 ignaviam
332 511 430 566 snam,
446 493 529 568 qnod
550 491 630 550 nihil
650 492 761 551 duma
779 511 811 551 se
834 491 1036 560 memorabile
1053 498 1157 553 actum

154 603 237 658 esset
269 597 302 657 in
334 603 438 657 aetate
466 617 528 674 qua
558 597 622 657 iam
655 597 834 660 Alexander
866 597 973 658 orbem
1003 603 1157 659 terrarum

155 702 339 780 subegisset,
368 703 549 763 missionem
577 702 724 762 continuo
752 701 938 780 efflagitavit
964 703 1006 764 ad
1035 709 1158 782 captan-

129 808 210 868 tdas
235 828 329 886 quam
354 809 491 886 primum
520 808 672 868 maiorum
693 826 798 866 rerum
819 807 996 868 occasiones
1018 808 1052 867 in
1072 809 1156 870 urbe.

154 913 261 974 Etiam
289 915 454 974 confusum
482 933 553 973 eum
582 912 703 972 somnio
731 912 892 989 proximae
919 913 1180 975 noctis-bama

154 1019 240 1079 visus
260 1025 328 1080 erat
348 1039 405 1097 per
425 1019 564 1096 quietem
584 1025 730 1095 stuprum
748 1018 842 1077 matri
859 1018 1159 1081 intulisse—coice

154 1130 237 1184 tores
259 1126 299 1184 ad
319 1125 547 1202 amplissimam
569 1143 657 1200 spem
678 1123 891 1183 incitaverunt
911 1123 1079 1185 arbitrium
1100 1131 1159 1185 ter·

155 1249 259 1289 rarum
270 1230 354 1290 orbis
369 1230 515 1307 portendi
530 1230 786 1306 interpretantes,
798 1229 923 1305 quando
938 1236 1048 1306 mater,
1063 1249 1158 1307 quam

116 1347 145 1393 10
154 1335 327 1395 subiectam
348 1335 409 1395 sibi
424 1335 565 1409 vidisset,
585 1334 729 1394 nonalia
750 1340 833 1394 esset
854 1353 949 1411 quam
968 1340 1062 1410 terra,
1077 1355 1158 1413 quae
1201 1378 1203 1385 ν

154 1440 293 1500 omnium
310 1459 423 1518 parens
443 1441 619 1501 haberetur.
662 1440 825 1499 Decedens
845 1458 918 1516 ergo
936 1445 1011 1500 ante
1031 1446 1156 1520 tempus
1182 1455 1199 1505 8

154 1546 290 1606 colonias
305 1546 435 1606 Latinas
450 1547 488 1605 de
503 1546 639 1622 petenda
654 1545 783 1605 civitate
797 1545 953 1621 agitantes
970 1545 1052 1605 adiit
1066 1552 1099 1606 et
1117 1547 1157 1606 ad

153 1652 331 1711 audendum
355 1651 475 1728 aliquid
498 1652 695 1724 concitasset,
715 1650 777 1710 nisi
799 1651 941 1710 consules
963 1651 1157 1729 conscriptas

153 1756 187 1815 in
201 1756 345 1817 Ciliciam
361 1756 500 1832 legiones
520 1756 681 1832 paulisper
696 1756 735 1814 ob
749 1756 782 1814 id
801 1755 906 1832 ipsum
920 1755 1135 1817 retinuissent.

116 1879 143 1923 15
192 1863 260 1922 Nec
280 1881 315 1921 eo
334 1862 432 1921 setius
453 1861 570 1920 maiora
590 1881 661 1919 mox
682 1861 714 1918 iu
732 1861 808 1919 urbe
829 1860 957 1920 molitus
974 1866 1039 1920 est:
1062 1861 1157 1940 siqui·
1182 1878 1199 1927 9

153 1968 224 2027 dem
243 1973 316 2027 ante
335 1986 450 2044 paucos
471 1967 538 2025 dies
561 1986 655 2042 quam
674 1966 869 2026 aedilitatem
891 1966 995 2041 iniret,
1015 1967 1156 2028 venitin

154 2073 363 2150 suspicionem
392 2072 587 2149 conspirasse
617 2091 687 2130 cum
715 2073 823 2130 Marco
851 2072 964 2131 Crasso
989 2073 1156 2149 consulari,

153 2178 230 2237 item
243 2177 357 2237 Publio
373 2177 460 2237 Sulla
471 2183 503 2237 et
519 2179 552 2235 L.
567 2177 721 2235 Autronio
737 2183 809 2254 post
823 2177 1074 2252 designationem
1089 2197 1157 2239 con·

154 2283 274 2343 sulatus
291 2282 428 2342 ambitus
448 2282 672 2356 condemnatis,
688 2287 724 2341 ut
743 2282 899 2359 principio
918 2282 994 2342 anni
1012 2290 1155 2344 senatum

114 2388 351 2448 aoadorirentur
365 2394 397 2448 et
416 2388 582 2448 trucidatis
598 2406 675 2464 quos
696 2387 848 2464 placitum
864 2394 947 2448 esset
965 2388 1156 2449 dictaturam

153 2495 283 2553 Crassus
298 2493 471 2568 invaderet,
486 2494 554 2570 ipse
573 2493 613 2552 ab
628 2511 663 2551 eo
678 2493 828 2568 magister
843 2493 984 2569 equitum
999 2493 1156 2554 diceretur

153 2598 386 2676 constitutaque
401 2600 440 2658 ad
457 2599 623 2659 arbitrium
639 2618 671 2656 re
689 2598 815 2674 publica
834 2598 939 2657 Sullae
953 2604 986 2657 et
1001 2598 1156 2659 Autronio

154 2705 332 2764 consulatus
366 2704 593 2764 restitueretur.
652 2703 864 2762 llernineruut
895 2702 988 2762 huius
1019 2704 1177 2767 coniuraa

87 2806 89 2810 ’
153 2810 248 2869 tionis
277 2811 432 2870 Tanusius
463 2809 614 2867 Geminus
643 2809 675 2865 in
700 2809 842 2882 historia,
868 2810 994 2868 Marcus
1023 2810 1154 2870 Bibulus

113 2928 143 2973 25
153 2915 185 2972 in
207 2915 329 2990 edictis,
352 2919 383 2974 C.
408 2915 502 2973 Curio
527 2920 616 2991 pater
641 2914 673 2970 in
696 2914 898 2973 orationibus.
941 2915 989 2973 De
1014 2914 1073 2975 hac
1098 2915 1156 2993 sig·

153 3020 279 3080 nificare
294 3020 419 3079 videtur
439 3025 470 3082 et
493 3019 600 3078 Cicero
623 3019 654 3076 in
673 3020 808 3094 quadani
826 3019 865 3078 ad
881 3019 998 3077 Axium
1018 3020 1156 3097 epistula

153 3126 294 3185 referens
314 3126 478 3185 Caesarem
502 3125 535 3182 in
557 3124 721 3184 consulatu
743 3124 942 3185 confirmasse
964 3145 1094 3202 regnum
1116 3127 1155 3194 dc

153 3250 214 3308 qno
235 3231 346 3290 aedilis
372 3231 533 3307 cogitarat.
577 3229 733 3290 Tanusius
757 3230 856 3289 adicit
880 3231 1028 3291 Crassum
1052 3232 1156 3310 paeni-

153 3337 254 3396 tentia
278 3337 328 3396 vel
354 3341 440 3396 metu
468 3336 552 3395 diem
578 3336 665 3395 caedi
690 3335 884 3396 destinatum
908 3356 972 3395 non
996 3337 1099 3419 obisse
1124 3343 1156 3397 et

114 3442 268 3503 aoidcirco
293 3461 332 3501 ne
358 3442 521 3501 Caesarem
546 3441 673 3518 quidem
699 3440 824 3517 signum
849 3442 932 3518 quod
956 3442 996 3501 ab
1023 3461 1059 3502 eo
1086 3443 1155 3503 dari

153 3553 341 3608 convenerat
355 3546 478 3605 dedisse
490 3569 496 3619 ;
517 3547 697 3605 convenisse
709 3552 815 3605 autern
830 3546 925 3606 Curio
938 3547 984 3606 ait
998 3553 1035 3607 ut
1049 3553 1155 3624 togam

153 3655 191 3713 de
206 3672 313 3711 umero
327 3652 471 3710 deiceret.
515 3651 605 3710 Idem
620 3651 714 3710 Curio
729 3652 783 3710 sed
799 3657 831 3711 et
847 3653 888 3710 ld.
907 3651 1053 3712 Actorius
1068 3653 1177 3717 Nasos
