2678 4140
158 233 199 299 28
241 245 271 296 c.
297 243 453 296 suurour
475 244 704 309 rauranum
727 245 777 296 nn
801 245 892 297 vrrs
914 244 1118 298 causarum

155 418 235 495 legis
269 424 303 479 et
331 436 425 478 onera
452 417 607 478 bellorum
640 416 782 479 civilium
806 423 838 479 et
866 417 1098 497 triumphorum
1125 437 1162 480 ac

155 542 320 584 munerum
341 523 492 584 sustinuit
512 523 680 601 impendia.

195 629 385 707 Eloquentia
426 629 619 706 militarique
655 647 688 690 re
725 636 783 690 aut
816 630 965 708 aequavit
1002 636 1196 710 praestan-5

156 735 350 796 tissimorum
385 735 518 812 gloriam
550 741 607 795 aut
640 736 783 796 excessit.
825 737 904 796 Post
929 737 1160 798 accusationem

130 841 337 903 eboracenae
372 840 457 901 haue
491 841 585 900 cuba
620 841 816 919 principibus
844 816 985 919 parram
1013 843 1161 903 mnume-

155 953 242 1007 ratus
260 952 316 1006 est.
359 946 451 1006 Certe
472 946 581 1006 Cicero
597 947 638 1007 ad
655 947 790 1007 Brutum
812 953 950 1008 oratores
973 966 1158 1010 enumerans

154 1058 249 1128 negat
274 1071 307 1112 se
331 1052 439 1111 videre
464 1052 515 1110 cui
541 1051 655 1112 debeat
683 1052 798 1113 Caesar
820 1053 928 1114 cedere
955 1054 1063 1130 aitque
1088 1073 1158 1114 eum

154 1157 338 1234 elegantem,
358 1157 557 1235 splendidam
579 1177 703 1235 quoque
724 1164 821 1235 atquc
842 1159 939 1218 etiam
961 1158 1159 1235 magnificam

155 1269 187 1323 et
200 1281 383 1340 generosam
402 1263 539 1341 quodam
554 1264 647 1322 modo
666 1264 820 1324 rationem
834 1264 960 1324 dicendi
980 1270 1105 1341 tenere3
1126 1270 1158 1325 et

116 1369 195 1430 load
211 1368 398 1428 ¹Cornelium
418 1369 577 1446 Nepotem
597 1369 637 1428 de
659 1370 769 1428 eodem
787 1371 832 1430 ita
857 1371 1002 1448 scripsit:
1024 1369 1177 1439 Quieta

155 1474 366 1535 Oratorem
393 1493 508 1551 quern
535 1474 629 1534 huic
658 1480 888 1552 antepones
924 1491 1058 1533 eorum
1089 1472 1156 1551 qui

154 1579 261 1638 nihil
295 1579 410 1640 aliud
446 1582 637 1656 egerunt?
693 1578 790 1649 Quis
826 1578 1054 1639 sententiis
1089 1583 1157 1638 aut

153 1685 315 1746 acutior
334 1690 404 1744 aut
425 1684 634 1744 crebrior?
676 1684 773 1755 Quis
795 1684 933 1744 verbis
954 1688 1024 1744 aut
1051 1702 1156 1743 orna

154 1791 236 1851 tior
283 1795 353 1850 aut
395 1790 653 1867 elegantior?
708 1790 816 1850 Genus
850 1789 1047 1866 eloquentiae
1081 1789 1156 1848 dum

115 1915 144 1961 1s
153 1901 242 1957 taxat
276 1896 460 1956 adulescens
504 1895 607 1954 adhuc
652 1895 814 1955 Strabonis
853 1894 994 1956 (laeseris
1031 1898 1155 1954 secutus

153 2002 287 2077 videtur,
312 2001 399 2060 cuius
424 2001 520 2061 etiam
546 2020 583 2060 ex
609 2001 750 2060 oratione
775 2019 855 2078 quae
879 1999 1063 2059 inscribitur
1087 2018 1156 2077 pro

154 2107 294 2168 Sardis
311 2107 352 2166 ad
371 2106 501 2165 verbum
522 2105 674 2165 nonnulla
695 2106 861 2166 transtulit
878 2105 912 2163 in
930 2104 1156 2194 divinationem

154 2231 250 2272 suam.
299 2211 526 2271 Pronuntiasse
547 2217 653 2270 autem
676 2211 793 2270 dicitur
813 2228 889 2271 voce
910 2215 1011 2285 acuta,
1033 2208 1156 2270 ardenti

154 2323 241 2378 motu
268 2323 430 2393 gestuque,
453 2336 517 2375 non
542 2316 609 2375 sine
632 2322 806 2376 venustate.
847 2315 1012 2377 Orationes
1035 2315 1179 2392 aliquast

113 2422 291 2501 toreliquit,
320 2423 403 2481 inter
431 2441 509 2499 quae
539 2426 656 2481 temere
691 2422 844 2499 quaedam
871 2421 1025 2480 fcrrmtur.
1081 2422 1157 2479 Pro

152 2528 302 2598 Quinto
330 2527 503 2587 Metello
530 2546 594 2585 non
622 2527 780 2586 immerito
805 2526 967 2603 Augustus
995 2525 1157 2586 existimat

153 2633 251 2710 magis
273 2632 314 2692 ab
334 2633 470 2702 actuaris
489 2637 653 2709 exceptam
676 2632 757 2692 male
780 2630 1042 2708 subsequentibus
1062 2629 1156 2690 verba

152 2738 286 2798 dicentis
322 2757 417 2815 quam
446 2737 486 2797 ab
518 2738 588 2815 ipso
621 2738 756 2812 editam3
790 2757 864 2797 nam
898 2736 932 2794 in
968 2736 1156 2814 quibusdam

152 2843 383 2920 exemplaribus
424 2843 550 2902 invenio
591 2862 631 2902 ne
678 2843 862 2920 inscriptam
911 2841 1039 2919 quidem
1086 2860 1157 2920 pro

114 2949 333 3024 atMetello²
362 2949 417 3008 sed
447 2968 561 3025 quarn
597 2948 774 3026 scripsit
808 2947 990 3023 Metelle,
1019 2966 1091 3007 cum
1119 2965 1157 3007 ex

152 3072 286 3131 persona
314 3053 456 3114 Caesaris
484 3073 586 3112 sermo
615 3053 657 3112 sit
685 3053 851 3113 Metellum
879 3072 974 3130 seque
1006 3053 1157 3113 adversus

153 3159 364 3219 communium
412 3159 658 3218 obtrectatorum
706 3159 940 3219 criminationes
982 3157 1155 3237 purgantis.

153 3263 264 3342 Apud
286 3264 439 3324 Milites
463 3283 586 3340 quoque
611 3264 650 3321 in
674 3264 867 3342 Hispania
890 3264 974 3323 idern
994 3263 1180 3340 Augustus4

152 3369 207 3429 vix
229 3369 330 3448 ipsius
352 3375 453 3446 putat,
476 3389 555 3447 quae
574 3375 679 3429 tamen
693 3369 811 3447 duplex
834 3370 953 3429 fertur:
983 3388 1047 3430 una
1067 3368 1158 3446 quasi

114 3475 257 3552 topriore
290 3475 400 3535 habita
433 3475 562 3553 proelio,
590 3475 690 3534 altera
720 3475 901 3553 posteriore,
938 3494 1000 3552 quo
1027 3473 1157 3534 Asinius

153 3580 309 3641 Pollione
324 3586 448 3658 tempus
467 3581 594 3658 quidem
611 3581 813 3640 contionandi
832 3580 980 3640 habuisse
994 3598 1067 3639 eum
1081 3579 1160 3639 dicit

155 3685 259 3747 subita
273 3685 413 3746 hostium
427 3685 613 3745 incursione.
