2678 4140
160 211 202 276 52
243 224 274 276 c.
298 223 453 276 suarum
476 223 704 286 rannoumm
727 223 776 272 ns
800 221 891 273 vrrs
913 221 1119 275 caussam(

159 396 226 457 acie
261 396 521 473 interemptorum
558 395 675 455 civium
709 396 830 454 tumulo
861 394 986 473 publice
1018 399 1163 456 extructo

44 578 48 585 Ι
159 501 371 579 ascripserant
391 520 462 579 pro
482 500 685 560 libertate
706 519 770 560 eos
793 500 1039 560 occubuisse.

200 607 286 667 Inita
314 625 385 666 cum
412 605 551 665 Antonio
578 611 611 666 et
634 605 755 683 Lepido
780 605 928 665 societate
954 604 1163 684 Philippense
1187 623 1199 671 1

160 730 283 790 quoque
303 711 431 780 bellum,
460 729 650 788 quamquam
677 710 835 770 invalidus
863 716 959 787 atque
985 729 1087 787 aeger,
1109 711 1164 771 du-

135 818 236 896 splici
250 817 369 895 proelio
384 817 548 894 transegit,
568 836 700 893 quorum
720 817 824 895 priore
843 817 955 877 castris
974 822 1087 876 exutus
1106 817 1162 876 vix

159 924 200 984 ad
215 924 334 984 Antoni
349 942 444 982 cornu
458 923 536 999 fuga
549 928 699 983 evaserat.
741 923 809 982 Neo
824 941 1001 983 successum
1012 922 1163 982 victoriae

160 1028 338 1088 moderatus
354 1034 410 1103 est,
427 1029 481 1087 sed
497 1029 599 1106 capito
617 1028 709 1087 Bruti
726 1029 859 1088 Romam
878 1027 974 1088 misso
987 1034 1024 1087 ut
1038 1033 1162 1088 statuae

160 1133 302 1194 Caesaris
324 1133 527 1208 subiceretur,
542 1133 575 1191 in
590 1133 882 1210 splendidissimum
896 1151 1051 1210 quemque
1067 1133 1164 1211 capti-

159 1259 235 1298 vum
244 1259 307 1298 non
319 1239 386 1298 sino
398 1238 563 1298 verborum
575 1238 763 1298 contumelia
774 1238 887 1299 saeviit
898 1261 905 1313 ;
920 1243 958 1299 ut
968 1238 1096 1316 quidem
1105 1237 1186 1297 unia

120 1358 149 1404 10
160 1345 346 1422 suppliciter
365 1344 560 1421 sepulturam
578 1343 719 1420 precanti
739 1344 938 1421 respondisse
952 1343 1070 1404 dicitur
1090 1343 1163 1404 iam

158 1449 271 1510 istam
304 1449 496 1508 volucrum
531 1449 612 1508 fore
645 1454 888 1526 potestatem
921 1449 1010 1523 alios,
1038 1454 1162 1527 patrem

159 1560 191 1615 et
211 1555 322 1630 filium,
348 1573 405 1632 pro
429 1554 497 1613 vita
520 1554 660 1629 rogantis
686 1553 792 1613 sortiri
816 1554 867 1613 vel
892 1553 1007 1614 micare
1031 1553 1162 1615 iussisse

157 1666 194 1720 ut
212 1659 359 1720 alterutri
380 1660 609 1735 concederetur,
623 1678 660 1719 ac
674 1665 832 1736 spectasse
845 1664 1014 1736 utrumque
1031 1659 1162 1719 morien-

157 1771 222 1825 tem
247 1784 318 1825 cum
342 1770 441 1842 patre,
463 1764 537 1841 quia
561 1783 594 1823 sc
616 1765 784 1841 optulerat,
806 1763 907 1823 occiso
927 1764 1012 1823 filius
1036 1783 1161 1842 quoque

118 1879 147 1925 15
157 1870 367 1930 voluntariam
382 1869 579 1929 occubuisset
594 1888 710 1929 necem.
754 1869 856 1939 Quare
872 1869 976 1944 ceteri,
991 1868 1026 1927 in
1045 1869 1095 1928 his
1115 1871 1159 1929 M.

157 1975 314 2036 Favonius
329 1975 383 2034 ille
399 1974 526 2034 Catonis
546 1974 698 2049 aemulus,
713 1993 783 2033 oum
804 1973 941 2034 catenati
957 1973 1162 2051 produceren-

157 2086 219 2157 tur,
233 2081 422 2158 imperatore
438 2079 577 2139 Antonio
591 2079 760 2139 honorifice
782 2079 929 2153 salutato,
944 2079 1027 2139 hunc
1048 2079 1162 2139 foedis-

157 2187 236 2247 simo
251 2185 390 2246 convicio
407 2204 510 2244 coram
524 2184 752 2261 prosciderunt.

195 2291 328 2351 Partitis
353 2295 426 2368 post
449 2289 614 2348 victoriam
639 2290 757 2366 officiis,
780 2309 851 2350 cum
872 2289 1029 2350 Antonius
1055 2289 1183 2352 Orien-3

115 2403 220 2457 actem
240 2395 458 2469 ordinandum,
479 2395 547 2472 ipse
575 2400 739 2454 veteranos
764 2395 798 2454 in
819 2395 947 2455 Italiam
968 2395 1159 2456 reducendos

154 2508 187 2562 et
221 2499 464 2578 municipalibus
500 2499 584 2575 agris
620 2499 815 2560 collocandos
850 2501 1029 2579 recepisset,
1058 2520 1160 2578 neque

154 2611 373 2667 veteranorum
394 2623 495 2681 nequo
523 2623 740 2681 possessorum
760 2604 895 2681 gratiam
916 2605 1028 2679 tenuit,
1050 2606 1159 2666 alteris

154 2711 231 2790 pelli
253 2729 296 2787 se,
316 2709 425 2771 alteris
447 2727 510 2768 non
528 2727 586 2785 pro
607 2727 663 2786 spe
682 2709 866 2769 meritorum
884 2709 1013 2769 tractari
1032 2729 1161 2788 queren-

154 2817 248 2877 tibus.

114 2938 144 2984 25
194 2922 262 2992 Quo
282 2928 423 2999 tempore
445 2921 480 2979 L.
510 2920 684 2980 Antonium
710 2920 826 2981 fiducia
854 2922 1044 2996 consulatus,
1065 2941 1160 2998 quem
1184 2932 1197 2980 1

154 3027 292 3104 gerebat,
306 3045 343 3086 ac
356 3026 514 3085 fraternae
529 3025 689 3102 potentiae
703 3045 752 3085 res
772 3045 868 3085 novas
891 3026 1072 3086 molientem
1092 3046 1160 3089 con·

155 3134 263 3210 fugere
284 3131 448 3191 Perusiam
470 3131 571 3206 coegit
587 3136 619 3189 et
639 3131 679 3190 ad
696 3131 888 3191 deditionem
903 3133 987 3192 fame
1007 3133 1158 3210 conpulit,

149 3242 218 3298 ‘non
239 3244 344 3298 tamen
364 3237 431 3296 sinc
454 3236 574 3311 magnis
597 3235 661 3294 suis
683 3242 715 3295 et
735 3243 808 3297 ante
829 3237 947 3296 bellum
969 3243 1001 3297 et
1022 3237 1056 3296 in
1075 3237 1159 3298 bello

155 3342 398 3404 discriminibus.
441 3343 526 3400 Nam
540 3360 611 3400 oum
630 3342 807 3418 spectaculo
821 3341 966 3402 ludorum
981 3343 1159 3420 gregarium

116 3449 290 3509 semilitem
318 3447 352 3506 in
379 3445 631 3523 quattuordecim
656 3446 817 3506 ordinibus
846 3449 1007 3508 sedentem
1028 3448 1158 3509 excitari

155 3573 212 3632 per
230 3552 443 3631 apparitorem
457 3550 611 3626 iussisset,
627 3570 750 3611 rumore
771 3552 811 3611 ab
832 3552 1094 3614 obtrectatoribus
1115 3554 1160 3612 di-

155 3661 220 3720 lato
241 3657 331 3735 quasi
353 3658 486 3716 eundern
507 3674 578 3714 mox
601 3660 632 3715 et
653 3655 876 3717 discruciatum
896 3664 1048 3734 necasset,
1071 3659 1160 3718 mini-
