2678 4140
193 224 234 287 82
276 236 306 285 C.
332 235 488 287 SUETONI
511 235 737 297 TRANQUILLI
761 235 811 286 DE
834 235 925 286 VITA
949 236 1154 288 CAESARUM

192 407 305 483 ginem.
347 408 423 466 Mox
446 406 640 466 Scriboniam
661 408 695 465 in
709 407 943 467 matrimonium
970 407 1093 485 accepit
1119 419 1222 486 nupa

192 518 257 572 tam
278 517 352 572 aute
372 511 493 571 duobus
516 512 740 587 consularibus,
755 531 794 571 ex
815 513 914 572 altero
935 512 1031 572 ctiam
1051 519 1196 573 matrem.

192 619 271 679 Cum
295 619 354 678 hac
376 637 499 694 quoque
524 618 696 677 divortium
717 617 804 693 fecit,
826 623 1051 695 pertaesus,
1074 624 1111 678 111
1125 618 1200 678 scri-

191 722 248 799 bit,
270 743 419 783 morum
441 723 762 800 perversitatem
784 723 883 798 eius,
897 743 934 783 ac
948 723 1057 783 statim
1071 724 1199 784 Liviam

168 828 366 888 oDrusillam
391 828 590 888 matrimonio
616 828 722 887 Tiberi
746 828 882 888 Neronis
904 834 937 888 61
958 829 1086 905 quidem
1111 849 1200 907 prae-

192 939 340 1009 gnantem
360 933 493 993 abduxit
513 932 688 1011 dilexitque
709 938 742 992 et
762 932 909 1010 probavit
929 934 1019 994 unice
1039 953 1075 994 ac
1095 953 1200 1012 perse

192 1044 345 1098 verenter.

232 1146 280 1202 Ex
306 1144 468 1203 Scribonia
492 1144 617 1219 Iuliam,
642 1163 681 1203 ex
705 1144 798 1204 Livia
821 1144 901 1203 nihil
923 1145 1094 1205 liberorum
1120 1145 1199 1206 tulit
1219 1154 1257 1205 63

193 1269 264 1309 cum
288 1250 423 1308 maxime
450 1255 586 1326 cuperet.
630 1249 742 1309 Infans
771 1250 825 1326 qui
854 1257 1021 1327 conceptus
1046 1256 1115 1310 erat
1142 1249 1199 1309 im-

154 1367 183 1412 10
192 1360 334 1414 maturus
355 1361 404 1414 est
425 1355 538 1413 editus.
582 1354 697 1413 Iuliam
719 1355 856 1433 primum
877 1356 1028 1415 Marcello
1045 1356 1198 1416 Octaviae

192 1459 306 1519 sororis
323 1478 396 1519 suae
411 1459 477 1518 filio
493 1464 616 1518 tantum
632 1459 716 1536 quod
734 1460 903 1537 pueritiam
922 1480 1056 1537 egresso,
1070 1461 1195 1537 deinde,

190 1570 228 1624 ut
250 1564 277 1623 is
299 1563 387 1639 obiit,
409 1566 452 1623 M.
476 1565 637 1641 Agrippae
658 1570 795 1642 nuptum
815 1566 913 1640 dedit,
938 1572 1065 1626 exorata
1090 1585 1196 1626 sorore

190 1675 228 1729 111
256 1669 317 1729 sibi
349 1688 462 1745 genero
497 1670 638 1744 cederet3
672 1689 745 1729 nam
777 1676 853 1730 tunc
885 1671 1028 1748 Agrippa
1061 1672 1196 1732 alteram

190 1774 412 1835 Marcellarum
441 1775 577 1834 habebat
604 1781 637 1835 61
665 1794 703 1834 ex
732 1795 768 1836 ea
795 1775 919 1835 liberos,
972 1777 1043 1836 Hoc
1069 1795 1224 1864 quoquea

153 1891 181 1935 15
190 1881 350 1955 defuncto,
372 1880 481 1939 multis
506 1900 542 1940 ac
566 1881 630 1955 diu,
653 1880 751 1940 etiam
775 1900 813 1940 ex
838 1881 977 1958 equestri
998 1880 1116 1957 ordine,
1138 1882 1196 1942 cir-

190 1985 379 2063 cumspectis
415 1986 660 2061 condicionibus,
689 1986 851 2045 Tiberium
885 1986 1066 2064 privignum
1102 2006 1195 2046 suum

190 2091 285 2167 elegit
314 2091 477 2167 coegitque
505 2097 730 2168 praegnantem
757 2110 887 2150 uxorem
915 2097 948 2151 61
975 2111 1013 2150 ex
1041 2110 1104 2168 qua
1130 2091 1195 2152 iam

189 2202 280 2273 pater
301 2201 369 2255 erat
390 2196 559 2255 dimittere.
602 2198 646 2255 M.
662 2195 821 2255 Antonius
843 2196 953 2256 scribit
969 2196 1195 2274 primumcum

189 2300 329 2360 Antonio
346 2301 413 2360 filio
429 2321 484 2360 suo
498 2302 704 2378 despondisse
719 2301 844 2376 Iuliam,
855 2301 928 2360 dein
945 2302 1085 2361 Cotisoni
1101 2302 1195 2363 Geta

149 2422 179 2467 ao
189 2426 257 2465 rum
273 2407 349 2482 regi,
365 2427 428 2483 quo
445 2413 586 2484 tempore
609 2407 670 2466 sibi
690 2426 813 2483 quoque
828 2406 862 2465 in
876 2406 976 2466 vicem
993 2407 1092 2467 filiam
1109 2409 1193 2484 regis

188 2512 222 2570 in
237 2508 471 2572 matrimonium
486 2513 628 2589 petisset.

227 2618 369 2695 Nepotes
389 2637 427 2676 ex
451 2617 594 2694 Agrippa
616 2624 648 2676 et
669 2619 752 2678 Iulia
773 2624 837 2679 tres
857 2619 976 2694 habuit,
996 2620 1029 2680 O.
1051 2624 1084 2678 et
1104 2621 1140 2679 L.
1160 2626 1194 2680 61
1209 2634 1246 2683 64

187 2723 381 2806 Agrippam,
404 2728 515 2799 neptes
534 2724 622 2797 duae,
637 2723 753 2782 Iuliam
767 2729 800 2783 et
814 2723 1032 2802 Agrippinam.
1075 2725 1193 2784 Iuliam

187 2830 222 2888 L.
246 2828 346 2887 Paulo
370 2828 507 2887 censoris
531 2828 607 2902 filio,
630 2828 840 2906 Agrippinam
865 2828 1051 2889 Germanico
1075 2827 1192 2890 sororis'

148 2950 177 2994 25
188 2952 261 2992 suae
289 2933 398 3010 nepoti
426 2933 599 2993 collocavit.
654 2933 769 2994 Gaium
800 2939 832 2993 61
856 2935 892 2994 L.
915 2933 1081 3011 adoptavit
1105 2935 1192 2994 domi

187 3057 243 3116 per
264 3057 366 3097 assem
394 3044 426 3097 et
454 3038 567 3097 libram
596 3045 718 3116 emptos
740 3046 870 3116 epatre
892 3039 1034 3116 Agrippa
1055 3046 1193 3099 teneros

187 3163 248 3220 que
271 3144 374 3203 adhuc
398 3144 439 3203 ad
464 3163 570 3203 curam
592 3145 638 3204 rei
660 3165 689 3222 p.
712 3145 853 3205 admovit
874 3152 906 3205 61
928 3145 1069 3204 consules
1091 3145 1192 3222 desig-

128 3305 132 3312 .
186 3254 277 3309 natos
303 3248 419 3308 circum
446 3249 623 3325 provincias
649 3251 866 3328 exercitusque
895 3250 1025 3310 dimisit.
1074 3251 1213 3311 Filiama

188 3361 219 3414 61
246 3360 358 3431 neptes
387 3354 432 3414 ita
458 3354 599 3414 instituit
627 3362 663 3415 ut
690 3356 786 3416 etiam
815 3356 951 3416 lanificio
978 3356 1191 3417 assuefaceret

148 3465 372 3537 aovetaretque
393 3459 480 3536 loqui
500 3465 555 3519 aut
579 3479 670 3536 agere
695 3462 862 3538 quicquam
886 3462 949 3522 nisi
973 3462 1137 3540 propalam
1157 3468 1191 3522 61

187 3566 270 3642 quod
293 3564 326 3623 in
347 3564 476 3623 diurnos
499 3566 737 3625 commentarios
759 3567 947 3642 referretur3
969 3573 1189 3628 extraneorum
1225 3577 1231 3588 ·

187 3670 315 3748 quidem
337 3675 428 3730 coetu
448 3670 525 3729 adeo
546 3670 708 3747 prohibuit
729 3677 765 3730 ut
786 3673 821 3730 L.
844 3671 978 3748 Vinicio,
999 3673 1083 3733 claro
1103 3674 1191 3756 deco
