<?xml version="1.0" encoding="UTF-8"?>
<!DOCTYPE html PUBLIC "-//W3C//DTD XHTML 1.0 Transitional//EN"
    "http://www.w3.org/TR/xhtml1/DTD/xhtml1-transitional.dtd">
<html xmlns="http://www.w3.org/1999/xhtml" xml:lang="en" lang="en">
 <head>
  <title>
</title>
<meta http-equiv="Content-Type" content="text/html;charset=utf-8" />
  <meta name='ocr-system' content='tesseract 3.04.00' />
  <meta name='ocr-capabilities' content='ocr_page ocr_carea ocr_par ocr_line ocrx_word'/>
</head>
<body>
  <div class='ocr_page' id='page_1' title='image "./gaisuetonitranq01suetgoog_0110.png"; bbox 0 0 2678 4140; ppageno 0'>
   <div class='ocr_carea' id='block_1_1' title="bbox 416 251 1145 315">
    <p class='ocr_par' dir='ltr' id='par_1_1' title="bbox 416 251 1145 315">
     <span class='ocr_line' id='line_1_1' title="bbox 416 251 1145 315; baseline 0.004 -3"><span class='ocrx_word' id='word_1_1' title='bbox 416 261 529 312; x_wconf 83' lang='lat' dir='ltr'>maus</span> <span class='ocrx_word' id='word_1_2' title='bbox 553 261 573 310; x_wconf 89' lang='lat'>1.</span> <span class='ocrx_word' id='word_1_3' title='bbox 611 261 870 312; x_wconf 78' lang='lat' dir='ltr'>o1vus1ua1us</span> <span class='ocrx_word' id='word_1_4' title='bbox 1104 251 1145 315; x_wconf 81' lang='lat'>41</span> 
     </span>
    </p>
   </div>
   <div class='ocr_carea' id='block_1_2' title="bbox 69 431 1270 3782">
    <p class='ocr_par' dir='ltr' id='par_1_2' title="bbox 144 431 1147 616">
     <span class='ocr_line' id='line_1_2' title="bbox 144 431 1147 511; baseline 0.001 -19"><span class='ocrx_word' id='word_1_5' title='bbox 144 431 196 492; x_wconf 90' lang='lat' dir='ltr'>tiis</span> <span class='ocrx_word' id='word_1_6' title='bbox 210 432 244 492; x_wconf 94' lang='lat' dir='ltr'>in</span> <span class='ocrx_word' id='word_1_7' title='bbox 258 432 391 510; x_wconf 81' lang='lat' dir='ltr'>Pompei</span> <span class='ocrx_word' id='word_1_8' title='bbox 406 432 524 492; x_wconf 91' lang='lat' dir='ltr'>curiam</span> <span class='ocrx_word' id='word_1_9' title='bbox 539 431 660 492; x_wconf 89' lang='lat' dir='ltr'>edictus</span> <span class='ocrx_word' id='word_1_10' title='bbox 675 438 733 508; x_wconf 88' lang='lat' dir='ltr'>est,</span> <span class='ocrx_word' id='word_1_11' title='bbox 744 433 843 492; x_wconf 81' lang='lat' dir='ltr'>&#39;facile</span> <span class='ocrx_word' id='word_1_12' title='bbox 857 439 983 511; x_wconf 88' lang='lat' dir='ltr'>tempus</span> <span class='ocrx_word' id='word_1_13' title='bbox 997 433 1147 494; x_wconf 86' lang='lat' dir='ltr'>stlocum</span> 
     </span>
     <span class='ocr_line' id='line_1_3' title="bbox 144 533 490 616; baseline -0.006 -18"><span class='ocrx_word' id='word_1_14' title='bbox 144 537 368 616; x_wconf 81' lang='lat' dir='ltr'>praetulerunt</span> <span class='ocrx_word' id='word_1_15' title='bbox 488 533 490 536; x_wconf 74' lang='grc'><strong>’</strong></span> 
     </span>
    </p>

    <p class='ocr_par' dir='ltr' id='par_1_3' title="bbox 69 642 1270 1776">
     <span class='ocr_line' id='line_1_4' title="bbox 69 642 1148 723; baseline 0.008 -27"><span class='ocrx_word' id='word_1_16' title='bbox 69 647 122 698; x_wconf 86' lang='grc'>81</span> <span class='ocrx_word' id='word_1_17' title='bbox 182 642 243 703; x_wconf 83' lang='lat' dir='ltr'>Sed</span> <span class='ocrx_word' id='word_1_18' title='bbox 268 642 395 703; x_wconf 78' lang='lat' dir='ltr'>Caesari</span> <span class='ocrx_word' id='word_1_19' title='bbox 418 643 528 704; x_wconf 85' lang='lat' dir='ltr'>futura</span> <span class='ocrx_word' id='word_1_20' title='bbox 556 646 665 704; x_wconf 92' lang='lat' dir='ltr'>caedes</span> <span class='ocrx_word' id='word_1_21' title='bbox 693 644 892 705; x_wconf 88' lang='lat' dir='ltr'>evidentibus</span> <span class='ocrx_word' id='word_1_22' title='bbox 920 645 1073 723; x_wconf 90' lang='lat' dir='ltr'>prodigiis</span> <span class='ocrx_word' id='word_1_23' title='bbox 1097 645 1148 705; x_wconf 83' lang='lat' dir='ltr'>de</span> 
     </span>
     <span class='ocr_line' id='line_1_5' title="bbox 143 748 1149 829; baseline 0.002 -21"><span class='ocrx_word' id='word_1_24' title='bbox 143 748 287 809; x_wconf 88' lang='lat' dir='ltr'>nuntiata</span> <span class='ocrx_word' id='word_1_25' title='bbox 301 753 357 809; x_wconf 91' lang='lat' dir='ltr'>est.</span> <span class='ocrx_word' id='word_1_26' title='bbox 401 749 521 809; x_wconf 89' lang='lat' dir='ltr'>Paucos</span> <span class='ocrx_word' id='word_1_27' title='bbox 536 755 609 809; x_wconf 91' lang='lat' dir='ltr'>ante</span> <span class='ocrx_word' id='word_1_28' title='bbox 624 763 756 825; x_wconf 84' lang='lat' dir='ltr'>meuses,</span> <span class='ocrx_word' id='word_1_29' title='bbox 772 768 843 810; x_wconf 93' lang='lat' dir='ltr'>cum</span> <span class='ocrx_word' id='word_1_30' title='bbox 856 750 891 809; x_wconf 91' lang='lat' dir='ltr'>in</span> <span class='ocrx_word' id='word_1_31' title='bbox 905 749 1026 810; x_wconf 88' lang='lat' dir='ltr'>colonia</span> <span class='ocrx_word' id='word_1_32' title='bbox 1040 750 1149 829; x_wconf 81' lang='lat' dir='ltr'>Capua</span> 
     </span>
     <span class='ocr_line' id='line_1_6' title="bbox 144 854 1171 931; baseline 0.002 -17"><span class='ocrx_word' id='word_1_33' title='bbox 144 854 270 916; x_wconf 88' lang='lat' dir='ltr'>deducti</span> <span class='ocrx_word' id='word_1_34' title='bbox 283 855 352 931; x_wconf 89' lang='lat' dir='ltr'>lege</span> <span class='ocrx_word' id='word_1_35' title='bbox 367 855 451 914; x_wconf 89' lang='lat' dir='ltr'>Iulia</span> <span class='ocrx_word' id='word_1_36' title='bbox 462 855 563 914; x_wconf 87' lang='lat' dir='ltr'>coloni</span> <span class='ocrx_word' id='word_1_37' title='bbox 574 856 614 915; x_wconf 93' lang='lat' dir='ltr'>ad</span> <span class='ocrx_word' id='word_1_38' title='bbox 626 855 815 916; x_wconf 86' lang='lat' dir='ltr'>extruendas</span> <span class='ocrx_word' id='word_1_39' title='bbox 826 856 919 916; x_wconf 88' lang='lat' dir='ltr'>villas</span> <span class='ocrx_word' id='word_1_40' title='bbox 931 856 1171 917; x_wconf 77' lang='lat' dir='ltr'>vetustissimas</span> 
     </span>
     <span class='ocr_line' id='line_1_7' title="bbox 145 960 1148 1039; baseline 0.002 -19"><span class='ocrx_word' id='word_1_41' title='bbox 145 962 286 1039; x_wconf 91' lang='lat' dir='ltr'>sepulcra</span> <span class='ocrx_word' id='word_1_42' title='bbox 313 960 483 1020; x_wconf 83' lang='lat' dir='ltr'>disicerent</span> <span class='ocrx_word' id='word_1_43' title='bbox 511 961 605 1037; x_wconf 88' lang='lat' dir='ltr'>idque</span> <span class='ocrx_word' id='word_1_44' title='bbox 630 980 666 1020; x_wconf 92' lang='lat' dir='ltr'>eo</span> <span class='ocrx_word' id='word_1_45' title='bbox 691 960 863 1020; x_wconf 81' lang='lat' dir='ltr'>studiosius</span> <span class='ocrx_word' id='word_1_46' title='bbox 888 962 1039 1037; x_wconf 87' lang='lat' dir='ltr'>facerent,</span> <span class='ocrx_word' id='word_1_47' title='bbox 1064 962 1148 1039; x_wconf 92' lang='lat' dir='ltr'>quod</span> 
     </span>
     <span class='ocr_line' id='line_1_8' title="bbox 144 1060 1270 1173; baseline 0.001 -47"><span class='ocrx_word' id='word_1_48' title='bbox 144 1066 339 1143; x_wconf 86' lang='lat' dir='ltr'>aliquantum</span> <span class='ocrx_word' id='word_1_49' title='bbox 353 1066 552 1173; x_wconf 70' lang='lat' dir='ltr'>vascplorum</span> <span class='ocrx_word' id='word_1_50' title='bbox 566 1066 669 1143; x_wconf 91' lang='lat' dir='ltr'>operis</span> <span class='ocrx_word' id='word_1_51' title='bbox 683 1066 807 1143; x_wconf 85' lang='lat' dir='ltr'>antiqui</span> <span class='ocrx_word' id='word_1_52' title='bbox 822 1072 998 1127; x_wconf 78' lang='lat' dir='ltr'>scrutantes</span> <span class='ocrx_word' id='word_1_53' title='bbox 1017 1067 1149 1145; x_wconf 88' lang='lat' dir='ltr'>reperie-</span> <span class='ocrx_word' id='word_1_54' title='bbox 1239 1060 1270 1102; x_wconf 68' lang='lat' dir='ltr'><strong><em>V</em></strong></span> 
     </span>
     <span class='ocr_line' id='line_1_9' title="bbox 144 1170 1148 1250; baseline 0 -19"><span class='ocrx_word' id='word_1_55' title='bbox 144 1171 226 1247; x_wconf 88' lang='lat' dir='ltr'>bant,</span> <span class='ocrx_word' id='word_1_56' title='bbox 242 1170 351 1231; x_wconf 91' lang='lat' dir='ltr'>tabula</span> <span class='ocrx_word' id='word_1_57' title='bbox 364 1189 460 1230; x_wconf 91' lang='lat' dir='ltr'>aenea</span> <span class='ocrx_word' id='word_1_58' title='bbox 475 1171 508 1229; x_wconf 92' lang='lat' dir='ltr'>in</span> <span class='ocrx_word' id='word_1_59' title='bbox 523 1171 725 1247; x_wconf 85' lang='lat' dir='ltr'>monimento,</span> <span class='ocrx_word' id='word_1_60' title='bbox 741 1172 775 1230; x_wconf 90' lang='lat' dir='ltr'>in</span> <span class='ocrx_word' id='word_1_61' title='bbox 788 1191 851 1249; x_wconf 90' lang='lat' dir='ltr'>quo</span> <span class='ocrx_word' id='word_1_62' title='bbox 865 1172 1028 1232; x_wconf 89' lang='lat' dir='ltr'>dicebatur</span> <span class='ocrx_word' id='word_1_63' title='bbox 1043 1172 1148 1250; x_wconf 89' lang='lat' dir='ltr'>Capys</span> 
     </span>
     <span class='ocr_line' id='line_1_10' title="bbox 145 1277 1147 1356; baseline -0.001 -19"><span class='ocrx_word' id='word_1_64' title='bbox 145 1277 285 1337; x_wconf 88' lang='lat' dir='ltr'>conditor</span> <span class='ocrx_word' id='word_1_65' title='bbox 306 1277 432 1355; x_wconf 81' lang='lat' dir='ltr'>Capuae</span> <span class='ocrx_word' id='word_1_66' title='bbox 453 1277 606 1355; x_wconf 88' lang='lat' dir='ltr'>sepultus,</span> <span class='ocrx_word' id='word_1_67' title='bbox 622 1277 751 1337; x_wconf 88' lang='lat' dir='ltr'>inventa</span> <span class='ocrx_word' id='word_1_68' title='bbox 765 1282 815 1337; x_wconf 88' lang='lat' dir='ltr'>est</span> <span class='ocrx_word' id='word_1_69' title='bbox 829 1278 1008 1356; x_wconf 89' lang='lat' dir='ltr'>conscripta</span> <span class='ocrx_word' id='word_1_70' title='bbox 1029 1277 1147 1338; x_wconf 88' lang='lat' dir='ltr'>litteris</span> 
     </span>
     <span class='ocr_line' id='line_1_11' title="bbox 144 1381 1188 1461; baseline 0 -20"><span class='ocrx_word' id='word_1_71' title='bbox 144 1381 309 1460; x_wconf 88' lang='lat' dir='ltr'>verbisque</span> <span class='ocrx_word' id='word_1_72' title='bbox 337 1381 465 1442; x_wconf 85' lang='lat' dir='ltr'>Graecis</span> <span class='ocrx_word' id='word_1_73' title='bbox 493 1382 552 1442; x_wconf 90' lang='lat' dir='ltr'>hac</span> <span class='ocrx_word' id='word_1_74' title='bbox 580 1382 754 1442; x_wconf 91' lang='lat' dir='ltr'>sententia:</span> <span class='ocrx_word' id='word_1_75' title='bbox 787 1382 1030 1461; x_wconf 89' lang='lat' dir='ltr'>quandoque</span> <span class='ocrx_word' id='word_1_76' title='bbox 1058 1396 1188 1442; x_wconf 90' lang='lat' dir='ltr'>ossa10</span> 
     </span>
     <span class='ocr_line' id='line_1_12' title="bbox 145 1487 1150 1567; baseline -0.001 -19"><span class='ocrx_word' id='word_1_77' title='bbox 145 1487 294 1566; x_wconf 86' lang='lat' dir='ltr'>Capyis</span> <span class='ocrx_word' id='word_1_78' title='bbox 325 1487 489 1548; x_wconf 87' lang='lat' dir='ltr'>detecta</span> <span class='ocrx_word' id='word_1_79' title='bbox 516 1494 665 1563; x_wconf 83' lang='lat' dir='ltr'>essent,</span> <span class='ocrx_word' id='word_1_80' title='bbox 693 1488 782 1547; x_wconf 86' lang='lat' dir='ltr'>fore</span> <span class='ocrx_word' id='word_1_81' title='bbox 809 1493 852 1548; x_wconf 91' lang='lat' dir='ltr'>ut</span> <span class='ocrx_word' id='word_1_82' title='bbox 880 1488 957 1548; x_wconf 96' lang='lat' dir='ltr'>illo</span> <span class='ocrx_word' id='word_1_83' title='bbox 987 1507 1150 1567; x_wconf 89' lang='lat' dir='ltr'>progna·</span> 
     </span>
     <span class='ocr_line' id='line_1_13' title="bbox 144 1594 1151 1670; baseline 0 -17"><span class='ocrx_word' id='word_1_84' title='bbox 144 1598 206 1653; x_wconf 88' lang='lat' dir='ltr'>tus</span> <span class='ocrx_word' id='word_1_85' title='bbox 235 1612 351 1653; x_wconf 89' lang='lat' dir='ltr'>manu</span> <span class='ocrx_word' id='word_1_86' title='bbox 379 1594 776 1670; x_wconf 85' lang='lat' dir='ltr'>consanguineorum</span> <span class='ocrx_word' id='word_1_87' title='bbox 806 1601 1026 1654; x_wconf 79' lang='lat' dir='ltr'>necaretur</span> <span class='ocrx_word' id='word_1_88' title='bbox 1053 1613 1151 1669; x_wconf 89' lang='lat' dir='ltr'>mag-</span> 
     </span>
     <span class='ocr_line' id='line_1_14' title="bbox 143 1698 1148 1776; baseline 0 -19"><span class='ocrx_word' id='word_1_89' title='bbox 143 1699 287 1776; x_wconf 91' lang='lat' dir='ltr'>nisque</span> <span class='ocrx_word' id='word_1_90' title='bbox 322 1718 406 1757; x_wconf 89' lang='lat' dir='ltr'>mox</span> <span class='ocrx_word' id='word_1_91' title='bbox 441 1699 595 1759; x_wconf 91' lang='lat' dir='ltr'>Italiae</span> <span class='ocrx_word' id='word_1_92' title='bbox 631 1698 818 1758; x_wconf 83' lang='lat' dir='ltr'>cladibus</span> <span class='ocrx_word' id='word_1_93' title='bbox 853 1698 1148 1759; x_wconf 81' lang='lat' dir='ltr'>vindicaretur.</span> 
     </span>
    </p>

    <p class='ocr_par' dir='ltr' id='par_1_4' title="bbox 124 1803 1190 3466">
     <span class='ocr_line' id='line_1_15' title="bbox 125 1803 1150 1882; baseline 0.001 -19"><span class='ocrx_word' id='word_1_94' title='bbox 125 1804 238 1864; x_wconf 80' lang='lat' dir='ltr'>2Cuius</span> <span class='ocrx_word' id='word_1_95' title='bbox 264 1803 319 1878; x_wconf 89' lang='lat' dir='ltr'>rei,</span> <span class='ocrx_word' id='word_1_96' title='bbox 341 1823 381 1863; x_wconf 91' lang='lat' dir='ltr'>ne</span> <span class='ocrx_word' id='word_1_97' title='bbox 406 1803 476 1880; x_wconf 90' lang='lat' dir='ltr'>quis</span> <span class='ocrx_word' id='word_1_98' title='bbox 502 1804 679 1864; x_wconf 87' lang='lat' dir='ltr'>fabulosam</span> <span class='ocrx_word' id='word_1_99' title='bbox 699 1808 755 1863; x_wconf 91' lang='lat' dir='ltr'>aut</span> <span class='ocrx_word' id='word_1_100' title='bbox 776 1804 1027 1864; x_wconf 87' lang='lat' dir='ltr'>commenticiam</span> <span class='ocrx_word' id='word_1_101' title='bbox 1049 1808 1150 1882; x_wconf 92' lang='lat' dir='ltr'>putet,</span> 
     </span>
     <span class='ocr_line' id='line_1_16' title="bbox 143 1909 1189 1983; baseline 0.003 -15"><span class='ocrx_word' id='word_1_102' title='bbox 143 1915 251 1969; x_wconf 89' lang='lat' dir='ltr'>auctor</span> <span class='ocrx_word' id='word_1_103' title='bbox 278 1914 327 1968; x_wconf 91' lang='lat' dir='ltr'>est</span> <span class='ocrx_word' id='word_1_104' title='bbox 355 1909 517 1969; x_wconf 88' lang='lat' dir='ltr'>Cornelius</span> <span class='ocrx_word' id='word_1_105' title='bbox 547 1909 674 1983; x_wconf 88' lang='lat' dir='ltr'>Balbus,</span> <span class='ocrx_word' id='word_1_106' title='bbox 702 1909 969 1969; x_wconf 86' lang='lat' dir='ltr'>familiarissimus</span> <span class='ocrx_word' id='word_1_107' title='bbox 998 1909 1149 1969; x_wconf 85' lang='lat' dir='ltr'>Caesaris.</span> <span class='ocrx_word' id='word_1_108' title='bbox 1161 1925 1189 1971; x_wconf 78' lang='lat'>15</span> 
     </span>
     <span class='ocr_line' id='line_1_17' title="bbox 143 2013 1152 2090; baseline 0 -17"><span class='ocrx_word' id='word_1_109' title='bbox 143 2014 300 2074; x_wconf 85' lang='lat' dir='ltr'>Proximis</span> <span class='ocrx_word' id='word_1_110' title='bbox 314 2014 424 2073; x_wconf 93' lang='lat' dir='ltr'>diebus</span> <span class='ocrx_word' id='word_1_111' title='bbox 439 2033 590 2090; x_wconf 87' lang='lat' dir='ltr'>equorum</span> <span class='ocrx_word' id='word_1_112' title='bbox 604 2033 713 2090; x_wconf 88' lang='lat' dir='ltr'>greges</span> <span class='ocrx_word' id='word_1_113' title='bbox 728 2033 806 2090; x_wconf 92' lang='lat' dir='ltr'>quos</span> <span class='ocrx_word' id='word_1_114' title='bbox 821 2014 855 2072; x_wconf 92' lang='lat' dir='ltr'>in</span> <span class='ocrx_word' id='word_1_115' title='bbox 868 2015 1042 2074; x_wconf 88' lang='lat' dir='ltr'>traiciendo</span> <span class='ocrx_word' id='word_1_116' title='bbox 1057 2013 1152 2074; x_wconf 85' lang='lat' dir='ltr'>Rubi·</span> 
     </span>
     <span class='ocr_line' id='line_1_18' title="bbox 143 2118 1153 2195; baseline 0 -15"><span class='ocrx_word' id='word_1_117' title='bbox 143 2119 211 2180; x_wconf 92' lang='lat' dir='ltr'>coni</span> <span class='ocrx_word' id='word_1_118' title='bbox 227 2118 352 2178; x_wconf 88' lang='lat' dir='ltr'>flumini</span> <span class='ocrx_word' id='word_1_119' title='bbox 374 2124 570 2179; x_wconf 87' lang='lat' dir='ltr'>consecrarat</span> <span class='ocrx_word' id='word_1_120' title='bbox 586 2138 622 2178; x_wconf 97' lang='lat' dir='ltr'>ac</span> <span class='ocrx_word' id='word_1_121' title='bbox 636 2139 732 2195; x_wconf 84' lang='lat' dir='ltr'>vagos</span> <span class='ocrx_word' id='word_1_122' title='bbox 747 2124 780 2179; x_wconf 93' lang='lat' dir='ltr'>et</span> <span class='ocrx_word' id='word_1_123' title='bbox 797 2119 864 2179; x_wconf 88' lang='lat' dir='ltr'>sine</span> <span class='ocrx_word' id='word_1_124' title='bbox 883 2121 1011 2180; x_wconf 87' lang='lat' dir='ltr'>custode</span> <span class='ocrx_word' id='word_1_125' title='bbox 1028 2120 1153 2180; x_wconf 78' lang='lat' dir='ltr'>dimise</span> 
     </span>
     <span class='ocr_line' id='line_1_19' title="bbox 143 2224 1151 2303; baseline -0.001 -17"><span class='ocrx_word' id='word_1_126' title='bbox 143 2230 191 2286; x_wconf 89' lang='lat' dir='ltr'>rat</span> <span class='ocrx_word' id='word_1_127' title='bbox 206 2224 360 2303; x_wconf 89' lang='lat' dir='ltr'>comperit</span> <span class='ocrx_word' id='word_1_128' title='bbox 378 2224 629 2303; x_wconf 89' lang='lat' dir='ltr'>pertinacissime</span> <span class='ocrx_word' id='word_1_129' title='bbox 647 2225 763 2302; x_wconf 90' lang='lat' dir='ltr'>pabulo</span> <span class='ocrx_word' id='word_1_130' title='bbox 776 2224 936 2285; x_wconf 90' lang='lat' dir='ltr'>abstinere</span> <span class='ocrx_word' id='word_1_131' title='bbox 950 2225 1151 2302; x_wconf 88' lang='lat' dir='ltr'>ubertimque</span> 
     </span>
     <span class='ocr_line' id='line_1_20' title="bbox 142 2330 1152 2409; baseline 0.001 -20"><span class='ocrx_word' id='word_1_132' title='bbox 142 2330 223 2391; x_wconf 88' lang='lat' dir='ltr'>flere.</span> <span class='ocrx_word' id='word_1_133' title='bbox 266 2331 310 2390; x_wconf 88' lang='lat' dir='ltr'>Et</span> <span class='ocrx_word' id='word_1_134' title='bbox 324 2330 539 2390; x_wconf 89' lang='lat' dir='ltr'>immolantem</span> <span class='ocrx_word' id='word_1_135' title='bbox 555 2330 713 2407; x_wconf 86' lang='lat' dir='ltr'>haruspex</span> <span class='ocrx_word' id='word_1_136' title='bbox 730 2330 888 2409; x_wconf 85' lang='lat' dir='ltr'>Spurinna</span> <span class='ocrx_word' id='word_1_137' title='bbox 909 2331 1031 2391; x_wconf 93' lang='lat' dir='ltr'>monuit</span> <span class='ocrx_word' id='word_1_138' title='bbox 1048 2350 1152 2391; x_wconf 89' lang='lat' dir='ltr'>cave-</span> 
     </span>
     <span class='ocr_line' id='line_1_21' title="bbox 144 2436 1190 2514; baseline 0.003 -19"><span class='ocrx_word' id='word_1_139' title='bbox 144 2442 204 2497; x_wconf 92' lang='lat' dir='ltr'>ret</span> <span class='ocrx_word' id='word_1_140' title='bbox 228 2436 466 2514; x_wconf 91' lang='lat' dir='ltr'>periculum‚</span> <span class='ocrx_word' id='word_1_141' title='bbox 487 2437 592 2513; x_wconf 93' lang='lat' dir='ltr'>quod</span> <span class='ocrx_word' id='word_1_142' title='bbox 613 2456 690 2495; x_wconf 95' lang='lat' dir='ltr'>non</span> <span class='ocrx_word' id='word_1_143' title='bbox 711 2437 823 2497; x_wconf 93' lang='lat' dir='ltr'>ultra</span> <span class='ocrx_word' id='word_1_144' title='bbox 851 2437 1026 2497; x_wconf 89' lang='lat' dir='ltr'>Martias</span> <span class='ocrx_word' id='word_1_145' title='bbox 1052 2437 1190 2498; x_wconf 78' lang='lat' dir='ltr'>lousa</span> 
     </span>
     <span class='ocr_line' id='line_1_22' title="bbox 124 2541 1152 2620; baseline -0.001 -19"><span class='ocrx_word' id='word_1_146' title='bbox 124 2542 236 2620; x_wconf 75' lang='lat' dir='ltr'>sprof</span> <span class='ocrx_word' id='word_1_147' title='bbox 242 2547 412 2601; x_wconf 88' lang='lat' dir='ltr'>erretur.</span> <span class='ocrx_word' id='word_1_148' title='bbox 448 2541 556 2600; x_wconf 89' lang='lat' dir='ltr'>Pridie</span> <span class='ocrx_word' id='word_1_149' title='bbox 570 2548 676 2601; x_wconf 87' lang='lat' dir='ltr'>autem</span> <span class='ocrx_word' id='word_1_150' title='bbox 691 2543 816 2602; x_wconf 90' lang='lat' dir='ltr'>easdem</span> <span class='ocrx_word' id='word_1_151' title='bbox 831 2543 908 2601; x_wconf 90' lang='lat' dir='ltr'>Idus</span> <span class='ocrx_word' id='word_1_152' title='bbox 919 2561 1010 2603; x_wconf 82' lang='lat' dir='ltr'>avem</span> <span class='ocrx_word' id='word_1_153' title='bbox 1025 2541 1152 2617; x_wconf 81' lang='lat' dir='ltr'>regalio</span> 
     </span>
     <span class='ocr_line' id='line_1_23' title="bbox 144 2646 1152 2724; baseline 0 -20"><span class='ocrx_word' id='word_1_154' title='bbox 144 2646 208 2706; x_wconf 91' lang='lat' dir='ltr'>lum</span> <span class='ocrx_word' id='word_1_155' title='bbox 223 2666 294 2707; x_wconf 94' lang='lat' dir='ltr'>cum</span> <span class='ocrx_word' id='word_1_156' title='bbox 308 2647 414 2706; x_wconf 88' lang='lat' dir='ltr'>laureo</span> <span class='ocrx_word' id='word_1_157' title='bbox 428 2647 550 2706; x_wconf 90' lang='lat' dir='ltr'>ramulo</span> <span class='ocrx_word' id='word_1_158' title='bbox 570 2647 780 2724; x_wconf 87' lang='lat' dir='ltr'>Pompeianae</span> <span class='ocrx_word' id='word_1_159' title='bbox 796 2648 899 2707; x_wconf 87' lang='lat' dir='ltr'>curiae</span> <span class='ocrx_word' id='word_1_160' title='bbox 914 2666 946 2707; x_wconf 90' lang='lat' dir='ltr'>se</span> <span class='ocrx_word' id='word_1_161' title='bbox 961 2647 1152 2706; x_wconf 84' lang='lat' dir='ltr'>inferentem</span> 
     </span>
     <span class='ocr_line' id='line_1_24' title="bbox 144 2751 1153 2830; baseline -0.002 -18"><span class='ocrx_word' id='word_1_162' title='bbox 144 2753 284 2812; x_wconf 81' lang='lat' dir='ltr'>volucres</span> <span class='ocrx_word' id='word_1_163' title='bbox 299 2751 380 2812; x_wconf 82' lang='lat' dir='ltr'>rarii</span> <span class='ocrx_word' id='word_1_164' title='bbox 397 2751 520 2828; x_wconf 87' lang='lat' dir='ltr'>generis</span> <span class='ocrx_word' id='word_1_165' title='bbox 535 2771 574 2811; x_wconf 89' lang='lat' dir='ltr'>ex</span> <span class='ocrx_word' id='word_1_166' title='bbox 592 2752 736 2830; x_wconf 84' lang='lat' dir='ltr'>proximo</span> <span class='ocrx_word' id='word_1_167' title='bbox 752 2772 879 2812; x_wconf 91' lang='lat' dir='ltr'>nemore</span> <span class='ocrx_word' id='word_1_168' title='bbox 896 2758 1079 2830; x_wconf 88' lang='lat' dir='ltr'>persecutae</span> <span class='ocrx_word' id='word_1_169' title='bbox 1097 2752 1153 2811; x_wconf 90' lang='lat' dir='ltr'>ibi-</span> 
     </span>
     <span class='ocr_line' id='line_1_25' title="bbox 145 2857 1153 2936; baseline 0.002 -20"><span class='ocrx_word' id='word_1_170' title='bbox 145 2857 214 2918; x_wconf 94' lang='lat' dir='ltr'>dem</span> <span class='ocrx_word' id='word_1_171' title='bbox 234 2857 478 2936; x_wconf 88' lang='lat' dir='ltr'>discerpserunt.</span> <span class='ocrx_word' id='word_1_172' title='bbox 520 2858 568 2917; x_wconf 88' lang='lat' dir='ltr'>Ea</span> <span class='ocrx_word' id='word_1_173' title='bbox 586 2877 661 2917; x_wconf 83' lang='lat' dir='ltr'>vero</span> <span class='ocrx_word' id='word_1_174' title='bbox 682 2864 773 2918; x_wconf 92' lang='lat' dir='ltr'>nocte</span> <span class='ocrx_word' id='word_1_175' title='bbox 794 2858 844 2917; x_wconf 91' lang='lat' dir='ltr'>oui</span> <span class='ocrx_word' id='word_1_176' title='bbox 864 2858 982 2918; x_wconf 88' lang='lat' dir='ltr'>inluxit</span> <span class='ocrx_word' id='word_1_177' title='bbox 1000 2858 1067 2917; x_wconf 91' lang='lat' dir='ltr'>dies</span> <span class='ocrx_word' id='word_1_178' title='bbox 1088 2877 1153 2918; x_wconf 92' lang='lat' dir='ltr'>cae-</span> 
     </span>
     <span class='ocr_line' id='line_1_26' title="bbox 144 2963 1190 3041; baseline 0.001 -20"><span class='ocrx_word' id='word_1_179' title='bbox 144 2963 191 3023; x_wconf 91' lang='lat' dir='ltr'>dis</span> <span class='ocrx_word' id='word_1_180' title='bbox 213 2968 246 3023; x_wconf 90' lang='lat' dir='ltr'>et</span> <span class='ocrx_word' id='word_1_181' title='bbox 270 2963 339 3041; x_wconf 91' lang='lat' dir='ltr'>ipse</span> <span class='ocrx_word' id='word_1_182' title='bbox 364 2963 425 3023; x_wconf 92' lang='lat' dir='ltr'>sibi</span> <span class='ocrx_word' id='word_1_183' title='bbox 445 2963 532 3023; x_wconf 82' lang='lat' dir='ltr'>visus</span> <span class='ocrx_word' id='word_1_184' title='bbox 558 2970 607 3023; x_wconf 90' lang='lat' dir='ltr'>est</span> <span class='ocrx_word' id='word_1_185' title='bbox 628 2983 685 3041; x_wconf 87' lang='lat' dir='ltr'>per</span> <span class='ocrx_word' id='word_1_186' title='bbox 706 2964 846 3040; x_wconf 90' lang='lat' dir='ltr'>quietem</span> <span class='ocrx_word' id='word_1_187' title='bbox 871 2963 1031 3022; x_wconf 91' lang='lat' dir='ltr'>interdum</span> <span class='ocrx_word' id='word_1_188' title='bbox 1056 2976 1190 3041; x_wconf 73' lang='lat' dir='ltr'>supraat</span> 
     </span>
     <span class='ocr_line' id='line_1_27' title="bbox 144 3069 1152 3146; baseline 0 -19"><span class='ocrx_word' id='word_1_189' title='bbox 144 3069 240 3129; x_wconf 87' lang='lat' dir='ltr'>nubes</span> <span class='ocrx_word' id='word_1_190' title='bbox 255 3069 398 3145; x_wconf 88' lang='lat' dir='ltr'>volitare,</span> <span class='ocrx_word' id='word_1_191' title='bbox 413 3069 491 3128; x_wconf 91' lang='lat' dir='ltr'>alias</span> <span class='ocrx_word' id='word_1_192' title='bbox 507 3088 578 3128; x_wconf 93' lang='lat' dir='ltr'>cum</span> <span class='ocrx_word' id='word_1_193' title='bbox 599 3071 674 3129; x_wconf 82' lang='lat' dir='ltr'>Iove</span> <span class='ocrx_word' id='word_1_194' title='bbox 695 3070 841 3129; x_wconf 80' lang='lat' dir='ltr'>dextram</span> <span class='ocrx_word' id='word_1_195' title='bbox 862 3070 990 3146; x_wconf 88' lang='lat' dir='ltr'>iungere</span> <span class='ocrx_word' id='word_1_196' title='bbox 1001 3091 1009 3144; x_wconf 88' lang='lat'>;</span> <span class='ocrx_word' id='word_1_197' title='bbox 1030 3075 1063 3128; x_wconf 90' lang='lat' dir='ltr'>et</span> <span class='ocrx_word' id='word_1_198' title='bbox 1084 3069 1152 3129; x_wconf 92' lang='lat' dir='ltr'>Cal-</span> 
     </span>
     <span class='ocr_line' id='line_1_28' title="bbox 145 3166 1152 3253; baseline -0.002 -19"><span class='ocrx_word' id='word_1_199' title='bbox 145 3175 256 3253; x_wconf 89' lang='lat' dir='ltr'>purnia</span> <span class='ocrx_word' id='word_1_200' title='bbox 270 3194 349 3234; x_wconf 89' lang='lat' dir='ltr'>uxor</span> <span class='ocrx_word' id='word_1_201' title='bbox 363 3174 535 3252; x_wconf 86' lang='lat' dir='ltr'>imaginata</span> <span class='ocrx_word' id='word_1_202' title='bbox 549 3181 598 3235; x_wconf 90' lang='lat' dir='ltr'>est</span> <span class='ocrx_word' id='word_1_203' title='bbox 612 3175 735 3235; x_wconf 90' lang='lat' dir='ltr'>conlabi</span> <span class='ocrx_word' id='word_1_204' title='bbox 749 3175 914 3251; x_wconf 86' lang='lat' dir='ltr'>fastigium</span> <span class='ocrx_word' id='word_1_205' title='bbox 931 3175 1042 3233; x_wconf 91' lang='lat' dir='ltr'>domus</span> <span class='ocrx_word' id='word_1_206' title='bbox 1061 3166 1152 3233; x_wconf 77' lang='lat' dir='ltr'>niari-</span> 
     </span>
     <span class='ocr_line' id='line_1_29' title="bbox 144 3279 1150 3359; baseline -0.002 -19"><span class='ocrx_word' id='word_1_207' title='bbox 144 3286 273 3359; x_wconf 92' lang='lat' dir='ltr'>tumque</span> <span class='ocrx_word' id='word_1_208' title='bbox 290 3281 324 3341; x_wconf 93' lang='lat' dir='ltr'>in</span> <span class='ocrx_word' id='word_1_209' title='bbox 342 3281 462 3358; x_wconf 88' lang='lat' dir='ltr'>gremio</span> <span class='ocrx_word' id='word_1_210' title='bbox 483 3300 539 3341; x_wconf 92' lang='lat' dir='ltr'>suo</span> <span class='ocrx_word' id='word_1_211' title='bbox 559 3281 703 3358; x_wconf 79' lang='lat' dir='ltr'>confodi3</span> <span class='ocrx_word' id='word_1_212' title='bbox 731 3300 767 3341; x_wconf 92' lang='lat' dir='ltr'>ac</span> <span class='ocrx_word' id='word_1_213' title='bbox 789 3281 893 3341; x_wconf 89' lang='lat' dir='ltr'>subito</span> <span class='ocrx_word' id='word_1_214' title='bbox 910 3279 1046 3340; x_wconf 91' lang='lat' dir='ltr'>cubiculi</span> <span class='ocrx_word' id='word_1_215' title='bbox 1066 3280 1150 3340; x_wconf 86' lang='lat' dir='ltr'>fores</span> 
     </span>
     <span class='ocr_line' id='line_1_30' title="bbox 145 3393 921 3466; baseline 0.006 -18"><span class='ocrx_word' id='word_1_216' title='bbox 145 3394 254 3466; x_wconf 90' lang='lat' dir='ltr'>sponte</span> <span class='ocrx_word' id='word_1_217' title='bbox 269 3393 447 3466; x_wconf 88' lang='lat' dir='ltr'>patuerunt.</span> <span class='ocrx_word' id='word_1_218' title='bbox 918 3448 921 3453; x_wconf 81' lang='grc'><strong>.</strong></span> 
     </span>
    </p>

    <p class='ocr_par' dir='ltr' id='par_1_5' title="bbox 124 3494 1191 3782">
     <span class='ocr_line' id='line_1_31' title="bbox 124 3494 1191 3556; baseline -0.005 -1"><span class='ocrx_word' id='word_1_219' title='bbox 124 3503 137 3546; x_wconf 79' lang='lat'><strong>⁴</strong></span> <span class='ocrx_word' id='word_1_220' title='bbox 183 3495 231 3556; x_wconf 89' lang='lat' dir='ltr'>Ob</span> <span class='ocrx_word' id='word_1_221' title='bbox 245 3496 322 3555; x_wconf 89' lang='lat' dir='ltr'>haec</span> <span class='ocrx_word' id='word_1_222' title='bbox 333 3494 426 3554; x_wconf 92' lang='lat' dir='ltr'>simul</span> <span class='ocrx_word' id='word_1_223' title='bbox 438 3501 470 3554; x_wconf 91' lang='lat' dir='ltr'>et</span> <span class='ocrx_word' id='word_1_224' title='bbox 480 3494 520 3554; x_wconf 96' lang='lat' dir='ltr'>ob</span> <span class='ocrx_word' id='word_1_225' title='bbox 531 3495 688 3554; x_wconf 92' lang='lat' dir='ltr'>infirmam</span> <span class='ocrx_word' id='word_1_226' title='bbox 701 3495 909 3555; x_wconf 85' lang='lat' dir='ltr'>valitudinem</span> <span class='ocrx_word' id='word_1_227' title='bbox 920 3495 976 3553; x_wconf 89' lang='lat' dir='ltr'>diu</span> <span class='ocrx_word' id='word_1_228' title='bbox 987 3498 1151 3553; x_wconf 87' lang='lat' dir='ltr'>cunctatus</span> <span class='ocrx_word' id='word_1_229' title='bbox 1161 3504 1191 3550; x_wconf 83' lang='grc' dir='ltr'>3ο</span> 
     </span>
     <span class='ocr_line' id='line_1_32' title="bbox 145 3599 1151 3678; baseline -0.001 -19"><span class='ocrx_word' id='word_1_230' title='bbox 145 3617 184 3659; x_wconf 88' lang='lat' dir='ltr'>an</span> <span class='ocrx_word' id='word_1_231' title='bbox 198 3619 231 3660; x_wconf 91' lang='lat' dir='ltr'>se</span> <span class='ocrx_word' id='word_1_232' title='bbox 245 3599 421 3660; x_wconf 87' lang='lat' dir='ltr'>contineret</span> <span class='ocrx_word' id='word_1_233' title='bbox 438 3605 470 3659; x_wconf 87' lang='lat' dir='ltr'>et</span> <span class='ocrx_word' id='word_1_234' title='bbox 484 3619 563 3676; x_wconf 89' lang='lat' dir='ltr'>quae</span> <span class='ocrx_word' id='word_1_235' title='bbox 577 3601 662 3678; x_wconf 91' lang='lat' dir='ltr'>apud</span> <span class='ocrx_word' id='word_1_236' title='bbox 680 3606 823 3660; x_wconf 91' lang='lat' dir='ltr'>senatum</span> <span class='ocrx_word' id='word_1_237' title='bbox 841 3605 1046 3678; x_wconf 87' lang='lat' dir='ltr'>proposuerat</span> <span class='ocrx_word' id='word_1_238' title='bbox 1060 3618 1151 3675; x_wconf 91' lang='lat' dir='ltr'>agere</span> 
     </span>
     <span class='ocr_line' id='line_1_33' title="bbox 145 3703 1151 3782; baseline 0.001 -18"><span class='ocrx_word' id='word_1_239' title='bbox 145 3703 294 3780; x_wconf 87' lang='lat' dir='ltr'>differret,</span> <span class='ocrx_word' id='word_1_240' title='bbox 309 3705 439 3765; x_wconf 87' lang='lat' dir='ltr'>tandem</span> <span class='ocrx_word' id='word_1_241' title='bbox 452 3705 582 3765; x_wconf 92' lang='lat' dir='ltr'>Decimo</span> <span class='ocrx_word' id='word_1_242' title='bbox 600 3706 700 3766; x_wconf 87' lang='lat' dir='ltr'>Bruto</span> <span class='ocrx_word' id='word_1_243' title='bbox 719 3706 906 3765; x_wconf 88' lang='lat' dir='ltr'>adhortante</span> <span class='ocrx_word' id='word_1_244' title='bbox 921 3725 960 3765; x_wconf 91' lang='lat' dir='ltr'>ne</span> <span class='ocrx_word' id='word_1_245' title='bbox 975 3706 1151 3782; x_wconf 86' lang='lat' dir='ltr'>frequentis</span> 
     </span>
    </p>
   </div>
   <div class='ocr_carea' id='block_1_3' title="bbox 0 0 1351 4140">
    <p class='ocr_par' dir='ltr' id='par_1_6' title="bbox 0 0 1351 4140">
     <span class='ocr_line' id='line_1_34' title="bbox 0 0 1351 4140; baseline 0 0"><span class='ocrx_word' id='word_1_246' title='bbox 0 0 1351 4140; x_wconf 95' lang='lat' dir='ltr'> </span> 
     </span>
    </p>
   </div>
  </div>
 </body>
</html>
