<?xml version="1.0" encoding="UTF-8"?>
<!DOCTYPE html PUBLIC "-//W3C//DTD XHTML 1.0 Transitional//EN"
    "http://www.w3.org/TR/xhtml1/DTD/xhtml1-transitional.dtd">
<html xmlns="http://www.w3.org/1999/xhtml" xml:lang="en" lang="en">
 <head>
  <title>
</title>
<meta http-equiv="Content-Type" content="text/html;charset=utf-8" />
  <meta name='ocr-system' content='tesseract 3.04.00' />
  <meta name='ocr-capabilities' content='ocr_page ocr_carea ocr_par ocr_line ocrx_word'/>
</head>
<body>
  <div class='ocr_page' id='page_1' title='image "./gaisuetonitranq01suetgoog_0116.png"; bbox 0 0 2678 4140; ppageno 0'>
   <div class='ocr_carea' id='block_1_1' title="bbox 369 244 1138 309">
    <p class='ocr_par' dir='ltr' id='par_1_1' title="bbox 369 244 1138 309">
     <span class='ocr_line' id='line_1_1' title="bbox 369 244 1138 309; baseline 0.003 -3"><span class='ocrx_word' id='word_1_1' title='bbox 369 256 540 307; x_wconf 85' lang='grc'>1111111.</span> <span class='ocrx_word' id='word_1_2' title='bbox 577 254 906 306; x_wconf 76' lang='grc'>1110111000100</span> <span class='ocrx_word' id='word_1_3' title='bbox 1097 244 1138 309; x_wconf 76' lang='lat'><strong>47</strong></span> 
     </span>
    </p>
   </div>
   <div class='ocr_carea' id='block_1_2' title="bbox 60 426 1225 3766">
    <p class='ocr_par' dir='ltr' id='par_1_2' title="bbox 116 426 1139 506">
     <span class='ocr_line' id='line_1_2' title="bbox 116 426 1139 506; baseline 0.001 -20"><span class='ocrx_word' id='word_1_4' title='bbox 116 427 294 505; x_wconf 83' lang='lat' dir='ltr'><strong>stipendia</strong></span> <span class='ocrx_word' id='word_1_5' title='bbox 308 428 343 486; x_wconf 93' lang='lat' dir='ltr'><strong>in</strong></span> <span class='ocrx_word' id='word_1_6' title='bbox 364 427 472 487; x_wconf 80' lang='lat' dir='ltr'><strong>Sicilia</strong></span> <span class='ocrx_word' id='word_1_7' title='bbox 490 427 636 487; x_wconf 90' lang='lat' dir='ltr'><strong>tribunus</strong></span> <span class='ocrx_word' id='word_1_8' title='bbox 656 427 794 486; x_wconf 90' lang='lat' dir='ltr'><strong>militum</strong></span> <span class='ocrx_word' id='word_1_9' title='bbox 809 426 887 486; x_wconf 88' lang='lat' dir='ltr'><strong>fecit</strong></span> <span class='ocrx_word' id='word_1_10' title='bbox 902 426 1038 486; x_wconf 82' lang='lat' dir='ltr'><strong>Aemilio</strong></span> <span class='ocrx_word' id='word_1_11' title='bbox 1052 427 1139 506; x_wconf 92' lang='lat' dir='ltr'><strong>Papo</strong></span> 
     </span>
    </p>

    <p class='ocr_par' dir='ltr' id='par_1_3' title="bbox 117 530 1138 610">
     <span class='ocr_line' id='line_1_3' title="bbox 117 530 1138 610; baseline 0.001 -19"><span class='ocrx_word' id='word_1_12' title='bbox 117 530 332 610; x_wconf 83' lang='lat' dir='ltr'><strong>imperatore.</strong></span> <span class='ocrx_word' id='word_1_13' title='bbox 375 532 464 592; x_wconf 85' lang='lat' dir='ltr'><strong>Avus</strong></span> <span class='ocrx_word' id='word_1_14' title='bbox 487 532 729 609; x_wconf 80' lang='lat' dir='ltr'><strong>municipalibus</strong></span> <span class='ocrx_word' id='word_1_15' title='bbox 758 532 948 608; x_wconf 84' lang='lat' dir='ltr'><strong>magisteriis</strong></span> <span class='ocrx_word' id='word_1_16' title='bbox 973 537 1138 592; x_wconf 91' lang='lat' dir='ltr'><strong>contentus</strong></span> 
     </span>
    </p>

    <p class='ocr_par' dir='ltr' id='par_1_4' title="bbox 60 637 1163 1340">
     <span class='ocr_line' id='line_1_4' title="bbox 60 637 1140 716; baseline 0 -19"><span class='ocrx_word' id='word_1_17' title='bbox 60 641 95 686; x_wconf 89' lang='lat'><strong>3</strong></span> <span class='ocrx_word' id='word_1_18' title='bbox 116 639 315 698; x_wconf 75' lang='lat' dir='ltr'><strong>abundante</strong></span> <span class='ocrx_word' id='word_1_19' title='bbox 335 638 527 716; x_wconf 87' lang='lat' dir='ltr'><strong>patrimonio</strong></span> <span class='ocrx_word' id='word_1_20' title='bbox 548 638 810 714; x_wconf 85' lang='lat' dir='ltr'><strong>tranquillissime</strong></span> <span class='ocrx_word' id='word_1_21' title='bbox 829 638 942 697; x_wconf 89' lang='lat' dir='ltr'><strong>senuit.</strong></span> <span class='ocrx_word' id='word_1_22' title='bbox 986 637 1046 696; x_wconf 84' lang='lat' dir='ltr'><strong>Sed</strong></span> <span class='ocrx_word' id='word_1_23' title='bbox 1063 638 1140 697; x_wconf 89' lang='lat' dir='ltr'><strong>haec</strong></span> 
     </span>
     <span class='ocr_line' id='line_1_5' title="bbox 120 742 1140 821; baseline -0.002 -17"><span class='ocrx_word' id='word_1_24' title='bbox 120 744 207 818; x_wconf 74' lang='lat' dir='ltr'><strong>alii3</strong></span> <span class='ocrx_word' id='word_1_25' title='bbox 229 744 299 821; x_wconf 90' lang='lat' dir='ltr'><strong>ipse</strong></span> <span class='ocrx_word' id='word_1_26' title='bbox 318 744 481 819; x_wconf 86' lang='lat' dir='ltr'><strong>Augustus</strong></span> <span class='ocrx_word' id='word_1_27' title='bbox 502 743 582 801; x_wconf 90' lang='lat' dir='ltr'><strong>nihil</strong></span> <span class='ocrx_word' id='word_1_28' title='bbox 602 743 738 821; x_wconf 91' lang='lat' dir='ltr'><strong>amplius</strong></span> <span class='ocrx_word' id='word_1_29' title='bbox 754 762 849 819; x_wconf 92' lang='lat' dir='ltr'><strong>quam</strong></span> <span class='ocrx_word' id='word_1_30' title='bbox 864 742 1002 818; x_wconf 90' lang='lat' dir='ltr'><strong>equestri</strong></span> <span class='ocrx_word' id='word_1_31' title='bbox 1017 743 1140 802; x_wconf 83' lang='lat' dir='ltr'><strong>familia</strong></span> 
     </span>
     <span class='ocr_line' id='line_1_6' title="bbox 126 848 1163 926; baseline -0.004 -18"><span class='ocrx_word' id='word_1_32' title='bbox 126 855 239 909; x_wconf 82' lang='lat' dir='ltr'><strong>ortum</strong></span> <span class='ocrx_word' id='word_1_33' title='bbox 264 869 297 908; x_wconf 92' lang='lat' dir='ltr'><strong>se</strong></span> <span class='ocrx_word' id='word_1_34' title='bbox 322 849 433 909; x_wconf 85' lang='lat' dir='ltr'><strong>scribit</strong></span> <span class='ocrx_word' id='word_1_35' title='bbox 456 855 562 908; x_wconf 89' lang='lat' dir='ltr'><strong>vetere</strong></span> <span class='ocrx_word' id='word_1_36' title='bbox 583 867 619 908; x_wconf 88' lang='lat' dir='ltr'><strong>ao</strong></span> <span class='ocrx_word' id='word_1_37' title='bbox 640 848 796 926; x_wconf 90' lang='lat' dir='ltr'><strong>locuplete</strong></span> <span class='ocrx_word' id='word_1_38' title='bbox 820 848 884 907; x_wconf 90' lang='lat' dir='ltr'><strong>et</strong></span> <span class='ocrx_word' id='word_1_39' title='bbox 875 867 909 906; x_wconf 91' lang='grc'><strong>11</strong></span> <span class='ocrx_word' id='word_1_40' title='bbox 933 868 996 925; x_wconf 91' lang='lat' dir='ltr'><strong>qua</strong></span> <span class='ocrx_word' id='word_1_41' title='bbox 1018 849 1163 926; x_wconf 82' lang='lat' dir='ltr'><strong>primusc</strong></span> 
     </span>
     <span class='ocr_line' id='line_1_7' title="bbox 132 945 1139 1063; baseline 0 -57"><span class='ocrx_word' id='word_1_42' title='bbox 132 952 261 1007; x_wconf 86' lang='lat' dir='ltr'><strong>senator</strong></span> <span class='ocrx_word' id='word_1_43' title='bbox 284 952 374 1024; x_wconf 89' lang='lat' dir='ltr'><strong>pater</strong></span> <span class='ocrx_word' id='word_1_44' title='bbox 398 965 472 1005; x_wconf 91' lang='lat' dir='ltr'><strong>suus</strong></span> <span class='ocrx_word' id='word_1_45' title='bbox 495 946 604 1063; x_wconf 70' lang='lat' dir='ltr'><strong>fuqrit.</strong></span> <span class='ocrx_word' id='word_1_46' title='bbox 648 947 692 1033; x_wconf 93' lang='grc' dir='ltr'><strong>Μ.</strong></span> <span class='ocrx_word' id='word_1_47' title='bbox 715 946 873 1004; x_wconf 89' lang='lat' dir='ltr'><strong>Antonius</strong></span> <span class='ocrx_word' id='word_1_48' title='bbox 898 945 1083 1006; x_wconf 91' lang='lat' dir='ltr'><strong>libertinum</strong></span> <span class='ocrx_word' id='word_1_49' title='bbox 1110 947 1139 1006; x_wconf 92' lang='lat' dir='ltr'><strong>ei</strong></span> 
     </span>
     <span class='ocr_line' id='line_1_8' title="bbox 135 1026 1140 1160; baseline 0 -50"><span class='ocrx_word' id='word_1_50' title='bbox 135 1072 174 1129; x_wconf 91' lang='lat' dir='ltr'><strong>pr</strong></span> <span class='ocrx_word' id='word_1_51' title='bbox 191 1072 288 1160; x_wconf 69' lang='lat' dir='ltr'><strong>prum</strong></span> <span class='ocrx_word' id='word_1_52' title='bbox 316 1052 495 1130; x_wconf 85' lang='lat' dir='ltr'><strong>exprobrat,</strong></span> <span class='ocrx_word' id='word_1_53' title='bbox 518 1026 688 1111; x_wconf 84' lang='lat' dir='ltr'><strong>restionem</strong></span> <span class='ocrx_word' id='word_1_54' title='bbox 716 1070 733 1110; x_wconf 94' lang='lat' dir='ltr'><strong>e</strong></span> <span class='ocrx_word' id='word_1_55' title='bbox 761 1070 842 1128; x_wconf 88' lang='lat' dir='ltr'><strong>pago</strong></span> <span class='ocrx_word' id='word_1_56' title='bbox 870 1051 1020 1127; x_wconf 81' lang='lat' dir='ltr'><strong>Thurin0,</strong></span> <span class='ocrx_word' id='word_1_57' title='bbox 1045 1071 1140 1112; x_wconf 86' lang='lat' dir='ltr'><strong>avum</strong></span> 
     </span>
     <span class='ocr_line' id='line_1_9' title="bbox 137 1072 1140 1234; baseline 0 -18"><span class='ocrx_word' id='word_1_58' title='bbox 137 1072 357 1234; x_wconf 49' lang='lat' dir='ltr'><strong>argentarium</strong></span> <span class='ocrx_word' id='word_1_59' title='bbox 399 1159 467 1217; x_wconf 88' lang='lat' dir='ltr'><strong>Neo</strong></span> <span class='ocrx_word' id='word_1_60' title='bbox 489 1157 657 1234; x_wconf 86' lang='lat' dir='ltr'><strong>quicquam</strong></span> <span class='ocrx_word' id='word_1_61' title='bbox 677 1156 763 1216; x_wconf 89' lang='lat' dir='ltr'><strong>ultra</strong></span> <span class='ocrx_word' id='word_1_62' title='bbox 783 1157 821 1216; x_wconf 91' lang='lat' dir='ltr'><strong>de</strong></span> <span class='ocrx_word' id='word_1_63' title='bbox 843 1156 984 1234; x_wconf 90' lang='lat' dir='ltr'><strong>paternis</strong></span> <span class='ocrx_word' id='word_1_64' title='bbox 1002 1157 1140 1233; x_wconf 86' lang='lat' dir='ltr'><strong>Augusti</strong></span> 
     </span>
     <span class='ocr_line' id='line_1_10' title="bbox 138 1263 453 1340; baseline 0 -19"><span class='ocrx_word' id='word_1_65' title='bbox 138 1264 304 1323; x_wconf 89' lang='lat' dir='ltr'><strong>maioribus</strong></span> <span class='ocrx_word' id='word_1_66' title='bbox 320 1263 453 1340; x_wconf 87' lang='lat' dir='ltr'><strong>repperi.</strong></span> 
     </span>
    </p>

    <p class='ocr_par' dir='ltr' id='par_1_5' title="bbox 137 1367 1225 2180">
     <span class='ocr_line' id='line_1_11' title="bbox 175 1367 1225 1446; baseline 0 -17"><span class='ocrx_word' id='word_1_67' title='bbox 175 1369 207 1429; x_wconf 92' lang='lat' dir='ltr'><strong>C.</strong></span> <span class='ocrx_word' id='word_1_68' title='bbox 233 1369 384 1429; x_wconf 82' lang='lat' dir='ltr'><strong>Octavius</strong></span> <span class='ocrx_word' id='word_1_69' title='bbox 406 1374 496 1446; x_wconf 89' lang='lat' dir='ltr'><strong>pater</strong></span> <span class='ocrx_word' id='word_1_70' title='bbox 519 1388 538 1428; x_wconf 89' lang='lat' dir='ltr'><strong>a</strong></span> <span class='ocrx_word' id='word_1_71' title='bbox 560 1368 716 1446; x_wconf 92' lang='lat' dir='ltr'><strong>principio</strong></span> <span class='ocrx_word' id='word_1_72' title='bbox 739 1368 853 1428; x_wconf 87' lang='lat' dir='ltr'><strong>aetatis</strong></span> <span class='ocrx_word' id='word_1_73' title='bbox 876 1374 909 1428; x_wconf 91' lang='lat' dir='ltr'><strong>et</strong></span> <span class='ocrx_word' id='word_1_74' title='bbox 930 1387 963 1428; x_wconf 90' lang='grc'><strong>10</strong></span> <span class='ocrx_word' id='word_1_75' title='bbox 985 1373 1018 1428; x_wconf 92' lang='lat' dir='ltr'><strong>et</strong></span> <span class='ocrx_word' id='word_1_76' title='bbox 1035 1367 1179 1429; x_wconf 80' lang='lat' dir='ltr'><strong>existi-10</strong></span> <span class='ocrx_word' id='word_1_77' title='bbox 1201 1387 1225 1398; x_wconf 86' lang='grc'><em>·</em></span> 
     </span>
     <span class='ocr_line' id='line_1_12' title="bbox 140 1473 1140 1550; baseline 0 -17"><span class='ocrx_word' id='word_1_78' title='bbox 140 1475 272 1534; x_wconf 87' lang='lat' dir='ltr'><strong>natione</strong></span> <span class='ocrx_word' id='word_1_79' title='bbox 295 1493 409 1550; x_wconf 87' lang='lat' dir='ltr'><strong>magna</strong></span> <span class='ocrx_word' id='word_1_80' title='bbox 423 1474 495 1548; x_wconf 88' lang='lat' dir='ltr'><strong>fuit,</strong></span> <span class='ocrx_word' id='word_1_81' title='bbox 521 1478 557 1532; x_wconf 91' lang='lat' dir='ltr'><strong>ut</strong></span> <span class='ocrx_word' id='word_1_82' title='bbox 578 1473 724 1550; x_wconf 90' lang='lat' dir='ltr'><strong>equidem</strong></span> <span class='ocrx_word' id='word_1_83' title='bbox 748 1473 843 1532; x_wconf 92' lang='lat' dir='ltr'><strong>mirer</strong></span> <span class='ocrx_word' id='word_1_84' title='bbox 866 1474 950 1533; x_wconf 88' lang='lat' dir='ltr'><strong>hune</strong></span> <span class='ocrx_word' id='word_1_85' title='bbox 974 1493 1097 1550; x_wconf 91' lang='lat' dir='ltr'><strong>quoque</strong></span> <span class='ocrx_word' id='word_1_86' title='bbox 1121 1493 1140 1533; x_wconf 92' lang='lat' dir='ltr'><strong>a</strong></span> 
     </span>
     <span class='ocr_line' id='line_1_13' title="bbox 138 1578 1204 1656; baseline 0 -18"><span class='ocrx_word' id='word_1_87' title='bbox 138 1580 295 1638; x_wconf 89' lang='lat' dir='ltr'><strong>nonnullis</strong></span> <span class='ocrx_word' id='word_1_88' title='bbox 318 1579 531 1654; x_wconf 88' lang='lat' dir='ltr'><strong>argentarium</strong></span> <span class='ocrx_word' id='word_1_89' title='bbox 552 1584 647 1655; x_wconf 89' lang='lat' dir='ltr'><strong>atque</strong></span> <span class='ocrx_word' id='word_1_90' title='bbox 668 1579 764 1637; x_wconf 88' lang='lat' dir='ltr'><strong>etiam</strong></span> <span class='ocrx_word' id='word_1_91' title='bbox 792 1578 875 1637; x_wconf 87' lang='lat' dir='ltr'><strong>inter</strong></span> <span class='ocrx_word' id='word_1_92' title='bbox 896 1578 1049 1638; x_wconf 85' lang='lat' dir='ltr'><strong>divisores</strong></span> <span class='ocrx_word' id='word_1_93' title='bbox 1071 1598 1141 1656; x_wconf 82' lang='lat' dir='ltr'><strong>ope</strong></span> <span class='ocrx_word' id='word_1_94' title='bbox 1180 1594 1204 1607; x_wconf 66' lang='lat'><strong>⁶·</strong></span> 
     </span>
     <span class='ocr_line' id='line_1_14' title="bbox 139 1683 1139 1762; baseline -0.002 -17"><span class='ocrx_word' id='word_1_95' title='bbox 139 1705 247 1762; x_wconf 82' lang='lat' dir='ltr'><strong>raeque</strong></span> <span class='ocrx_word' id='word_1_96' title='bbox 280 1689 471 1762; x_wconf 86' lang='lat' dir='ltr'><strong>campestres</strong></span> <span class='ocrx_word' id='word_1_97' title='bbox 500 1684 678 1760; x_wconf 75' lang='lat' dir='ltr'><strong>proditum,</strong></span> <span class='ocrx_word' id='word_1_98' title='bbox 711 1683 826 1760; x_wconf 89' lang='lat' dir='ltr'><strong>amplis</strong></span> <span class='ocrx_word' id='word_1_99' title='bbox 855 1684 938 1742; x_wconf 92' lang='lat' dir='ltr'><strong>enim</strong></span> <span class='ocrx_word' id='word_1_100' title='bbox 966 1683 1139 1743; x_wconf 89' lang='lat' dir='ltr'><strong>innutritus</strong></span> 
     </span>
     <span class='ocr_line' id='line_1_15' title="bbox 138 1788 1141 1868; baseline -0.004 -18"><span class='ocrx_word' id='word_1_101' title='bbox 138 1791 246 1868; x_wconf 90' lang='lat' dir='ltr'><strong>opibus</strong></span> <span class='ocrx_word' id='word_1_102' title='bbox 268 1790 401 1849; x_wconf 90' lang='lat' dir='ltr'><strong>honores</strong></span> <span class='ocrx_word' id='word_1_103' title='bbox 424 1794 456 1848; x_wconf 91' lang='lat' dir='ltr'><strong>et</strong></span> <span class='ocrx_word' id='word_1_104' title='bbox 472 1789 606 1866; x_wconf 85' lang='lat' dir='ltr'><strong>adeptus</strong></span> <span class='ocrx_word' id='word_1_105' title='bbox 628 1794 677 1848; x_wconf 90' lang='lat' dir='ltr'><strong>est</strong></span> <span class='ocrx_word' id='word_1_106' title='bbox 699 1789 792 1848; x_wconf 89' lang='lat' dir='ltr'><strong>facile</strong></span> <span class='ocrx_word' id='word_1_107' title='bbox 815 1794 847 1848; x_wconf 93' lang='lat' dir='ltr'><strong>et</strong></span> <span class='ocrx_word' id='word_1_108' title='bbox 868 1788 991 1865; x_wconf 88' lang='lat' dir='ltr'><strong>egregie</strong></span> <span class='ocrx_word' id='word_1_109' title='bbox 1010 1789 1141 1848; x_wconf 89' lang='lat' dir='ltr'><strong>admini-</strong></span> 
     </span>
     <span class='ocr_line' id='line_1_16' title="bbox 138 1893 1178 1979; baseline 0 -25"><span class='ocrx_word' id='word_1_110' title='bbox 138 1896 257 1956; x_wconf 87' lang='lat' dir='ltr'><strong>stravit.</strong></span> <span class='ocrx_word' id='word_1_111' title='bbox 310 1896 379 1979; x_wconf 54' lang='lat' dir='ltr'><strong>Ex·</strong></span> <span class='ocrx_word' id='word_1_112' title='bbox 392 1900 540 1971; x_wconf 89' lang='lat' dir='ltr'><strong>praetura</strong></span> <span class='ocrx_word' id='word_1_113' title='bbox 570 1893 788 1953; x_wconf 89' lang='lat' dir='ltr'><strong>Macedoniam</strong></span> <span class='ocrx_word' id='word_1_114' title='bbox 818 1893 949 1953; x_wconf 88' lang='lat' dir='ltr'><strong>sortitus</strong></span> <span class='ocrx_word' id='word_1_115' title='bbox 976 1893 1178 1969; x_wconf 82' lang='lat' dir='ltr'><strong>fugitivos,1c</strong></span> 
     </span>
     <span class='ocr_line' id='line_1_17' title="bbox 137 1998 1141 2077; baseline -0.002 -18"><span class='ocrx_word' id='word_1_116' title='bbox 137 2001 293 2061; x_wconf 89' lang='lat' dir='ltr'><strong>residuam</strong></span> <span class='ocrx_word' id='word_1_117' title='bbox 303 1999 452 2077; x_wconf 71' lang='lat' dir='ltr'><strong>&#39;Spartaci</strong></span> <span class='ocrx_word' id='word_1_118' title='bbox 466 2005 499 2058; x_wconf 89' lang='lat' dir='ltr'><strong>et</strong></span> <span class='ocrx_word' id='word_1_119' title='bbox 513 1999 668 2058; x_wconf 84' lang='lat' dir='ltr'><strong>Catilinae</strong></span> <span class='ocrx_word' id='word_1_120' title='bbox 688 2018 824 2074; x_wconf 90' lang='lat' dir='ltr'><strong>manum,</strong></span> <span class='ocrx_word' id='word_1_121' title='bbox 840 1998 1016 2057; x_wconf 88' lang='lat' dir='ltr'><strong>Thurinum</strong></span> <span class='ocrx_word' id='word_1_122' title='bbox 1030 2018 1141 2075; x_wconf 88' lang='lat' dir='ltr'><strong>agrum</strong></span> 
     </span>
     <span class='ocr_line' id='line_1_18' title="bbox 138 2103 1200 2180; baseline -0.003 -14"><span class='ocrx_word' id='word_1_123' title='bbox 138 2106 273 2166; x_wconf 88' lang='lat' dir='ltr'><strong>tenentis</strong></span> <span class='ocrx_word' id='word_1_124' title='bbox 295 2105 329 2163; x_wconf 92' lang='lat' dir='ltr'><strong>in</strong></span> <span class='ocrx_word' id='word_1_125' title='bbox 350 2105 462 2164; x_wconf 91' lang='lat' dir='ltr'><strong>itinere</strong></span> <span class='ocrx_word' id='word_1_126' title='bbox 483 2104 611 2179; x_wconf 90' lang='lat' dir='ltr'><strong>delevit,</strong></span> <span class='ocrx_word' id='word_1_127' title='bbox 633 2104 759 2180; x_wconf 87' lang='lat' dir='ltr'><strong>negotio</strong></span> <span class='ocrx_word' id='word_1_128' title='bbox 781 2103 841 2162; x_wconf 91' lang='lat' dir='ltr'><strong>sibi</strong></span> <span class='ocrx_word' id='word_1_129' title='bbox 863 2104 896 2162; x_wconf 90' lang='lat' dir='ltr'><strong>in</strong></span> <span class='ocrx_word' id='word_1_130' title='bbox 918 2109 1029 2165; x_wconf 87' lang='lat' dir='ltr'><strong>senatu</strong></span> <span class='ocrx_word' id='word_1_131' title='bbox 1051 2109 1141 2164; x_wconf 81' lang='lat' dir='ltr'><strong>extra</strong></span> <span class='ocrx_word' id='word_1_132' title='bbox 1171 2113 1200 2129; x_wconf 74' lang='lat'><strong>⁶·</strong></span> 
     </span>
    </p>

    <p class='ocr_par' dir='ltr' id='par_1_6' title="bbox 117 2209 1181 2904">
     <span class='ocr_line' id='line_1_19' title="bbox 117 2209 1141 2286; baseline 0.006 -22"><span class='ocrx_word' id='word_1_133' title='bbox 117 2212 277 2270; x_wconf 80' lang='lat' dir='ltr'><strong>aordinem</strong></span> <span class='ocrx_word' id='word_1_134' title='bbox 298 2210 381 2269; x_wconf 91' lang='lat' dir='ltr'><strong>dato.</strong></span> <span class='ocrx_word' id='word_1_135' title='bbox 424 2209 609 2268; x_wconf 89' lang='lat' dir='ltr'><strong>Provinciae</strong></span> <span class='ocrx_word' id='word_1_136' title='bbox 630 2209 770 2286; x_wconf 87' lang='lat' dir='ltr'><strong>praefuit</strong></span> <span class='ocrx_word' id='word_1_137' title='bbox 791 2228 854 2267; x_wconf 95' lang='lat' dir='ltr'><strong>non</strong></span> <span class='ocrx_word' id='word_1_138' title='bbox 876 2209 995 2268; x_wconf 89' lang='lat' dir='ltr'><strong>minore</strong></span> <span class='ocrx_word' id='word_1_139' title='bbox 1015 2209 1141 2270; x_wconf 78' lang='lat' dir='ltr'><strong>‘iustitia</strong></span> 
     </span>
     <span class='ocr_line' id='line_1_20' title="bbox 137 2314 1141 2393; baseline -0.001 -18"><span class='ocrx_word' id='word_1_140' title='bbox 137 2335 229 2393; x_wconf 91' lang='lat' dir='ltr'><strong>quam</strong></span> <span class='ocrx_word' id='word_1_141' title='bbox 252 2314 459 2388; x_wconf 83' lang='lat' dir='ltr'><strong>fortitudine3</strong></span> <span class='ocrx_word' id='word_1_142' title='bbox 487 2333 622 2390; x_wconf 89' lang='lat' dir='ltr'><strong>namque</strong></span> <span class='ocrx_word' id='word_1_143' title='bbox 647 2314 754 2373; x_wconf 89' lang='lat' dir='ltr'><strong>Bessis</strong></span> <span class='ocrx_word' id='word_1_144' title='bbox 775 2333 811 2374; x_wconf 90' lang='lat' dir='ltr'><strong>ac</strong></span> <span class='ocrx_word' id='word_1_145' title='bbox 833 2314 1006 2374; x_wconf 84' lang='lat' dir='ltr'><strong>Thracibus</strong></span> <span class='ocrx_word' id='word_1_146' title='bbox 1028 2334 1141 2391; x_wconf 86' lang='lat' dir='ltr'><strong>magno</strong></span> 
     </span>
     <span class='ocr_line' id='line_1_21' title="bbox 137 2419 1180 2506; baseline 0.002 -25"><span class='ocrx_word' id='word_1_147' title='bbox 137 2421 254 2499; x_wconf 92' lang='lat' dir='ltr'><strong>proelio</strong></span> <span class='ocrx_word' id='word_1_148' title='bbox 268 2420 350 2479; x_wconf 83' lang='lat' dir='ltr'><strong>fusis</strong></span> <span class='ocrx_word' id='word_1_149' title='bbox 365 2420 411 2479; x_wconf 85' lang='lat' dir='ltr'><strong>ita</strong></span> <span class='ocrx_word' id='word_1_150' title='bbox 425 2420 524 2478; x_wconf 89' lang='lat' dir='ltr'><strong>socios</strong></span> <span class='ocrx_word' id='word_1_151' title='bbox 538 2419 689 2479; x_wconf 83' lang='lat' dir='ltr'><strong>tractavit</strong></span> <span class='ocrx_word' id='word_1_152' title='bbox 703 2424 738 2479; x_wconf 90' lang='lat' dir='ltr'><strong>ut</strong></span> <span class='ocrx_word' id='word_1_153' title='bbox 753 2420 906 2506; x_wconf 88' lang='lat' dir='ltr'><strong>epistulae</strong></span> <span class='ocrx_word' id='word_1_154' title='bbox 921 2421 965 2480; x_wconf 90' lang='lat' dir='ltr'><strong>M.</strong></span> <span class='ocrx_word' id='word_1_155' title='bbox 982 2421 1140 2480; x_wconf 83' lang='lat' dir='ltr'><strong>Ciceronis</strong></span> <span class='ocrx_word' id='word_1_156' title='bbox 1149 2437 1180 2483; x_wconf 77' lang='lat' dir='ltr'><strong>ab</strong></span> 
     </span>
     <span class='ocr_line' id='line_1_22' title="bbox 137 2524 1181 2603; baseline -0.002 -17"><span class='ocrx_word' id='word_1_157' title='bbox 137 2532 245 2587; x_wconf 88' lang='lat' dir='ltr'><strong>extent</strong></span> <span class='ocrx_word' id='word_1_158' title='bbox 266 2524 380 2603; x_wconf 89' lang='lat' dir='ltr'><strong>quibus</strong></span> <span class='ocrx_word' id='word_1_159' title='bbox 402 2524 554 2594; x_wconf 84' lang='lat' dir='ltr'><strong>Quintum</strong></span> <span class='ocrx_word' id='word_1_160' title='bbox 572 2525 714 2598; x_wconf 87' lang='lat' dir='ltr'><strong>fratrem,</strong></span> <span class='ocrx_word' id='word_1_161' title='bbox 737 2525 845 2584; x_wconf 91' lang='lat' dir='ltr'><strong>eodem</strong></span> <span class='ocrx_word' id='word_1_162' title='bbox 866 2530 1007 2603; x_wconf 90' lang='lat' dir='ltr'><strong>tempore</strong></span> <span class='ocrx_word' id='word_1_163' title='bbox 1029 2545 1141 2603; x_wconf 88' lang='lat' dir='ltr'><strong>parum</strong></span> <span class='ocrx_word' id='word_1_164' title='bbox 1160 2559 1181 2570; x_wconf 89' lang='lat'>-</span> 
     </span>
     <span class='ocr_line' id='line_1_23' title="bbox 138 2629 1141 2707; baseline -0.001 -16"><span class='ocrx_word' id='word_1_165' title='bbox 138 2632 272 2691; x_wconf 84' lang='lat' dir='ltr'><strong>secunda</strong></span> <span class='ocrx_word' id='word_1_166' title='bbox 287 2631 374 2690; x_wconf 89' lang='lat' dir='ltr'><strong>fama</strong></span> <span class='ocrx_word' id='word_1_167' title='bbox 388 2629 644 2707; x_wconf 85' lang='lat' dir='ltr'><strong>proconsulatum</strong></span> <span class='ocrx_word' id='word_1_168' title='bbox 660 2629 756 2689; x_wconf 90' lang='lat' dir='ltr'><strong>Asiae</strong></span> <span class='ocrx_word' id='word_1_169' title='bbox 775 2630 1058 2706; x_wconf 87' lang='lat' dir='ltr'><strong>administrantem,</strong></span> <span class='ocrx_word' id='word_1_170' title='bbox 1072 2631 1141 2690; x_wconf 92' lang='lat' dir='ltr'><strong>hor-</strong></span> 
     </span>
     <span class='ocr_line' id='line_1_24' title="bbox 137 2722 1140 2812; baseline -0.002 -15"><span class='ocrx_word' id='word_1_171' title='bbox 137 2741 222 2798; x_wconf 87' lang='lat' dir='ltr'><strong>tatur</strong></span> <span class='ocrx_word' id='word_1_172' title='bbox 243 2741 276 2796; x_wconf 90' lang='lat' dir='ltr'><strong>et</strong></span> <span class='ocrx_word' id='word_1_173' title='bbox 299 2722 405 2795; x_wconf 90' lang='lat' dir='ltr'><strong>monet</strong></span> <span class='ocrx_word' id='word_1_174' title='bbox 429 2735 571 2795; x_wconf 90' lang='lat' dir='ltr'><strong>imitetur</strong></span> <span class='ocrx_word' id='word_1_175' title='bbox 595 2735 628 2793; x_wconf 93' lang='lat' dir='ltr'><strong>in</strong></span> <span class='ocrx_word' id='word_1_176' title='bbox 653 2736 867 2812; x_wconf 91' lang='lat' dir='ltr'><strong>promerendis</strong></span> <span class='ocrx_word' id='word_1_177' title='bbox 889 2736 980 2795; x_wconf 91' lang='lat' dir='ltr'><strong>sociis</strong></span> <span class='ocrx_word' id='word_1_178' title='bbox 1002 2736 1140 2795; x_wconf 89' lang='lat' dir='ltr'><strong>vicinum</strong></span> 
     </span>
     <span class='ocr_line' id='line_1_25' title="bbox 138 2843 418 2904; baseline -0.011 0"><span class='ocrx_word' id='word_1_179' title='bbox 138 2863 228 2904; x_wconf 94' lang='lat' dir='ltr'><strong>suum</strong></span> <span class='ocrx_word' id='word_1_180' title='bbox 243 2843 418 2903; x_wconf 84' lang='lat' dir='ltr'><strong>Octavium.</strong></span> 
     </span>
    </p>

    <p class='ocr_par' dir='ltr' id='par_1_7' title="bbox 100 2948 1181 3766">
     <span class='ocr_line' id='line_1_26' title="bbox 100 2948 1179 3027; baseline 0.005 -23"><span class='ocrx_word' id='word_1_181' title='bbox 100 2955 117 3004; x_wconf 85' lang='lat'>4</span> <span class='ocrx_word' id='word_1_182' title='bbox 176 2948 339 3009; x_wconf 89' lang='lat' dir='ltr'><strong>Decedens</strong></span> <span class='ocrx_word' id='word_1_183' title='bbox 360 2949 554 3024; x_wconf 89' lang='lat' dir='ltr'><strong>Macedonia,</strong></span> <span class='ocrx_word' id='word_1_184' title='bbox 570 2949 658 3026; x_wconf 89' lang='lat' dir='ltr'><strong>prius</strong></span> <span class='ocrx_word' id='word_1_185' title='bbox 676 2968 771 3026; x_wconf 90' lang='lat' dir='ltr'><strong>quam</strong></span> <span class='ocrx_word' id='word_1_186' title='bbox 790 2949 932 3027; x_wconf 92' lang='lat' dir='ltr'><strong>profiteri</strong></span> <span class='ocrx_word' id='word_1_187' title='bbox 950 2969 983 3010; x_wconf 91' lang='lat' dir='ltr'><strong>se</strong></span> <span class='ocrx_word' id='word_1_188' title='bbox 998 2950 1179 3010; x_wconf 68' lang='lat' dir='ltr'><strong>candidam</strong></span> 
     </span>
     <span class='ocr_line' id='line_1_27' title="bbox 139 3054 1142 3134; baseline 0.002 -21"><span class='ocrx_word' id='word_1_189' title='bbox 139 3060 206 3113; x_wconf 91' lang='lat' dir='ltr'><strong>tum</strong></span> <span class='ocrx_word' id='word_1_190' title='bbox 217 3054 398 3114; x_wconf 87' lang='lat' dir='ltr'><strong>consulatus</strong></span> <span class='ocrx_word' id='word_1_191' title='bbox 413 3058 528 3131; x_wconf 90' lang='lat' dir='ltr'><strong>posset,</strong></span> <span class='ocrx_word' id='word_1_192' title='bbox 540 3060 674 3114; x_wconf 91' lang='lat' dir='ltr'><strong>mortem</strong></span> <span class='ocrx_word' id='word_1_193' title='bbox 685 3054 764 3113; x_wconf 90' lang='lat' dir='ltr'><strong>obiit</strong></span> <span class='ocrx_word' id='word_1_194' title='bbox 775 3055 981 3132; x_wconf 88' lang='lat' dir='ltr'><strong>repentinam,</strong></span> <span class='ocrx_word' id='word_1_195' title='bbox 994 3055 1142 3134; x_wconf 89' lang='lat' dir='ltr'><strong>supersti-</strong></span> 
     </span>
     <span class='ocr_line' id='line_1_28' title="bbox 138 3159 1142 3237; baseline 0.001 -18"><span class='ocrx_word' id='word_1_196' title='bbox 138 3159 222 3219; x_wconf 89' lang='lat' dir='ltr'><strong>tibus</strong></span> <span class='ocrx_word' id='word_1_197' title='bbox 232 3159 340 3219; x_wconf 87' lang='lat' dir='ltr'><strong>liberis</strong></span> <span class='ocrx_word' id='word_1_198' title='bbox 351 3159 482 3220; x_wconf 86' lang='lat' dir='ltr'><strong>Octavia</strong></span> <span class='ocrx_word' id='word_1_199' title='bbox 491 3160 616 3235; x_wconf 89' lang='lat' dir='ltr'><strong>maiore,</strong></span> <span class='ocrx_word' id='word_1_200' title='bbox 628 3180 723 3237; x_wconf 91' lang='lat' dir='ltr'><strong>quam</strong></span> <span class='ocrx_word' id='word_1_201' title='bbox 735 3181 773 3221; x_wconf 88' lang='grc'><strong>01</strong></span> <span class='ocrx_word' id='word_1_202' title='bbox 785 3161 952 3237; x_wconf 82' lang='lat' dir='ltr'><strong>Ancharia,</strong></span> <span class='ocrx_word' id='word_1_203' title='bbox 964 3167 996 3222; x_wconf 90' lang='lat' dir='ltr'><strong>et</strong></span> <span class='ocrx_word' id='word_1_204' title='bbox 1011 3161 1142 3223; x_wconf 81' lang='lat' dir='ltr'><strong>Octavia</strong></span> 
     </span>
     <span class='ocr_line' id='line_1_29' title="bbox 140 3265 1140 3342; baseline 0.003 -19"><span class='ocrx_word' id='word_1_205' title='bbox 140 3265 257 3324; x_wconf 91' lang='lat' dir='ltr'><strong>minore</strong></span> <span class='ocrx_word' id='word_1_206' title='bbox 285 3265 364 3324; x_wconf 90' lang='lat' dir='ltr'><strong>item</strong></span> <span class='ocrx_word' id='word_1_207' title='bbox 384 3266 539 3342; x_wconf 85' lang='lat' dir='ltr'><strong>August0,</strong></span> <span class='ocrx_word' id='word_1_208' title='bbox 562 3284 640 3342; x_wconf 88' lang='lat' dir='ltr'><strong>quos</strong></span> <span class='ocrx_word' id='word_1_209' title='bbox 669 3285 707 3326; x_wconf 89' lang='grc'><strong>01</strong></span> <span class='ocrx_word' id='word_1_210' title='bbox 730 3267 806 3326; x_wconf 89' lang='lat' dir='ltr'><strong>Atia</strong></span> <span class='ocrx_word' id='word_1_211' title='bbox 830 3267 955 3327; x_wconf 89' lang='lat' dir='ltr'><strong>tulerat.</strong></span> <span class='ocrx_word' id='word_1_212' title='bbox 998 3268 1075 3327; x_wconf 84' lang='lat' dir='ltr'><strong>Atia</strong></span> <span class='ocrx_word' id='word_1_213' title='bbox 1096 3269 1140 3326; x_wconf 91' lang='lat' dir='ltr'><strong>M.</strong></span> 
     </span>
     <span class='ocr_line' id='line_1_30' title="bbox 141 3369 1143 3449; baseline 0.003 -21"><span class='ocrx_word' id='word_1_214' title='bbox 141 3369 214 3430; x_wconf 87' lang='lat' dir='ltr'><strong>Atio</strong></span> <span class='ocrx_word' id='word_1_215' title='bbox 228 3370 328 3430; x_wconf 90' lang='lat' dir='ltr'><strong>Balbo</strong></span> <span class='ocrx_word' id='word_1_216' title='bbox 347 3375 380 3430; x_wconf 90' lang='lat' dir='ltr'><strong>et</strong></span> <span class='ocrx_word' id='word_1_217' title='bbox 397 3371 489 3445; x_wconf 91' lang='lat' dir='ltr'><strong>Iulia,</strong></span> <span class='ocrx_word' id='word_1_218' title='bbox 504 3389 609 3430; x_wconf 91' lang='lat' dir='ltr'><strong>sorore</strong></span> <span class='ocrx_word' id='word_1_219' title='bbox 628 3371 661 3431; x_wconf 93' lang='lat' dir='ltr'><strong>C.</strong></span> <span class='ocrx_word' id='word_1_220' title='bbox 681 3371 832 3448; x_wconf 81' lang='lat' dir='ltr'><strong>Caesaris,</strong></span> <span class='ocrx_word' id='word_1_221' title='bbox 851 3373 958 3449; x_wconf 87' lang='lat' dir='ltr'><strong>genita</strong></span> <span class='ocrx_word' id='word_1_222' title='bbox 973 3378 1030 3433; x_wconf 90' lang='lat' dir='ltr'><strong>est.</strong></span> <span class='ocrx_word' id='word_1_223' title='bbox 1073 3373 1143 3433; x_wconf 86' lang='lat' dir='ltr'><strong>Bal·</strong></span> 
     </span>
     <span class='ocr_line' id='line_1_31' title="bbox 140 3473 1181 3553; baseline 0.003 -20"><span class='ocrx_word' id='word_1_224' title='bbox 140 3473 206 3551; x_wconf 89' lang='lat' dir='ltr'><strong>bus,</strong></span> <span class='ocrx_word' id='word_1_225' title='bbox 221 3481 353 3553; x_wconf 91' lang='lat' dir='ltr'><strong>paterna</strong></span> <span class='ocrx_word' id='word_1_226' title='bbox 368 3476 466 3553; x_wconf 92' lang='lat' dir='ltr'><strong>stirpe</strong></span> <span class='ocrx_word' id='word_1_227' title='bbox 483 3475 639 3551; x_wconf 86' lang='lat' dir='ltr'><strong>Aricinus,</strong></span> <span class='ocrx_word' id='word_1_228' title='bbox 656 3477 764 3536; x_wconf 86' lang='lat' dir='ltr'><strong>multis</strong></span> <span class='ocrx_word' id='word_1_229' title='bbox 784 3478 818 3535; x_wconf 89' lang='lat' dir='ltr'><strong>in</strong></span> <span class='ocrx_word' id='word_1_230' title='bbox 839 3479 961 3538; x_wconf 88' lang='lat' dir='ltr'><strong>familia</strong></span> <span class='ocrx_word' id='word_1_231' title='bbox 976 3478 1141 3538; x_wconf 90' lang='lat' dir='ltr'><strong>senatoriis</strong></span> <span class='ocrx_word' id='word_1_232' title='bbox 1151 3490 1181 3536; x_wconf 80' lang='grc'>30</span> 
     </span>
     <span class='ocr_line' id='line_1_32' title="bbox 141 3578 1144 3660; baseline 0.005 -23"><span class='ocrx_word' id='word_1_233' title='bbox 141 3578 371 3657; x_wconf 76' lang='lat' dir='ltr'><strong>imaginibusa</strong></span> <span class='ocrx_word' id='word_1_234' title='bbox 392 3587 492 3640; x_wconf 92' lang='lat' dir='ltr'><strong>matre</strong></span> <span class='ocrx_word' id='word_1_235' title='bbox 513 3583 665 3657; x_wconf 82' lang='lat' dir='ltr'><strong>Magnum</strong></span> <span class='ocrx_word' id='word_1_236' title='bbox 686 3583 873 3660; x_wconf 92' lang='lat' dir='ltr'><strong>Pompeium</strong></span> <span class='ocrx_word' id='word_1_237' title='bbox 893 3583 1053 3643; x_wconf 89' lang='lat' dir='ltr'><strong>artissimo</strong></span> <span class='ocrx_word' id='word_1_238' title='bbox 1075 3603 1144 3642; x_wconf 88' lang='lat' dir='ltr'><strong>con-</strong></span> 
     </span>
     <span class='ocr_line' id='line_1_33' title="bbox 138 3685 1145 3766; baseline 0.004 -22"><span class='ocrx_word' id='word_1_239' title='bbox 138 3685 282 3762; x_wconf 82' lang='lat' dir='ltr'><strong>tingebat</strong></span> <span class='ocrx_word' id='word_1_240' title='bbox 300 3686 399 3763; x_wconf 82' lang='lat' dir='ltr'><strong>gradu</strong></span> <span class='ocrx_word' id='word_1_241' title='bbox 417 3687 608 3764; x_wconf 83' lang='lat' dir='ltr'><strong>functusque</strong></span> <span class='ocrx_word' id='word_1_242' title='bbox 627 3688 743 3748; x_wconf 91' lang='lat' dir='ltr'><strong>honore</strong></span> <span class='ocrx_word' id='word_1_243' title='bbox 762 3694 927 3766; x_wconf 89' lang='lat' dir='ltr'><strong>praeturae</strong></span> <span class='ocrx_word' id='word_1_244' title='bbox 946 3690 1145 3766; x_wconf 59' lang='grc'>1110111811-</span> 
     </span>
    </p>
   </div>
   <div class='ocr_carea' id='block_1_3' title="bbox 0 0 1350 4140">
    <p class='ocr_par' dir='ltr' id='par_1_8' title="bbox 0 0 1350 4140">
     <span class='ocr_line' id='line_1_34' title="bbox 0 0 1350 4140; baseline 0 0"><span class='ocrx_word' id='word_1_245' title='bbox 0 0 1350 4140; x_wconf 95' lang='lat' dir='ltr'><strong> </strong></span> 
     </span>
    </p>
   </div>
  </div>
 </body>
</html>
