2678 4140
150 237 192 302 56
232 246 264 300 c.
288 245 445 300 surrour
467 245 695 308 ruxucumnr
717 245 768 297 nr
791 243 882 296 vna
905 242 1109 297 cursurum

150 426 264 497 tueque
282 438 359 478 num
376 424 408 478 01
426 418 642 478 Ptolemaeum
663 416 818 495 inspicere
832 416 938 492 vellet,
960 434 1091 494 regem
1112 434 1152 476 se

150 523 331 585 voluisse
351 523 398 583 ait
417 522 565 598 videre,
587 541 662 581 non
684 526 870 582 mortuos.
912 520 1098 600 Aegyptum
1118 521 1176 582 ina

151 628 330 707 provinciae
352 629 487 687 formam
511 627 670 687 redactam
691 632 728 687 ut
748 626 932 687 feraciorem
955 625 1154 687 habiliorem-

151 753 212 813 que
225 751 366 793 annonae
379 733 504 793 urbicae
520 733 672 808 redderet,
684 733 786 793 fossas
801 732 902 792 omnis
916 731 950 790 in
964 750 1042 809 quas
1055 732 1153 792 Nilus

127 845 322 915 eexaestuat,
335 839 500 900 oblimatas
516 840 610 916 longa
621 844 788 915 vetustate,
800 838 931 898 militari
945 856 1039 916 opere
1053 837 1155 898 deter-

152 946 202 1007 sit.
245 946 372 1023 Quoque
387 946 534 1006 Actiacae
549 945 698 1006 victoriae
714 945 863 1005 memoria
877 943 1061 1005 celebratior
1071 948 1106 1004 et
1119 944 1155 1002 in

151 1057 312 1130 posterum
329 1057 421 1127 esset,
438 1051 548 1111 urbem
564 1051 744 1129 Nicopolim
760 1050 846 1128 apud
864 1049 992 1110 Actium
1011 1049 1155 1109 condidit

151 1157 304 1235 ludosque
318 1157 384 1217 illic
395 1157 643 1235 quinquennales
658 1155 824 1217 constituit
838 1160 870 1216 01
883 1154 1036 1233 ampliato
1046 1160 1155 1215 vetere

152 1262 310 1340 Apollinis
325 1263 444 1340 templo
455 1262 558 1322 locum
575 1268 747 1321 castrorum
762 1261 875 1339 quibus
890 1260 996 1321 fuerat
1005 1279 1092 1336 usus,
1105 1279 1156 1320 01-

113 1379 142 1425 10
151 1372 296 1427 ornatum
309 1367 473 1427 navalibus
489 1367 610 1445 spoliis,
619 1367 770 1444 Neptuno
784 1385 821 1426 00
834 1365 933 1426 Marti
949 1365 1153 1425 consecravit.

191 1472 359 1532 Tumultus
383 1472 514 1550 posthac
539 1478 572 1532 01
596 1462 704 1532 rerum¹
723 1491 876 1532 novarum
899 1470 992 1531 initia
1016 1471 1193 1533 conium-1

151 1577 315 1655 tionesque
343 1578 529 1656 complures,
551 1578 638 1656 prius
666 1597 761 1654 quam
788 1576 1016 1637 invalescerent
1036 1575 1155 1635 indicio

151 1683 301 1758 detectas,
316 1683 501 1761 compressit
522 1682 600 1744 alias
621 1683 684 1743 0110
705 1688 861 1760 tempore:
884 1681 999 1760 Lepidi
1019 1681 1154 1757 iuvenis,

152 1788 264 1848 deinde
285 1788 435 1848 Varronis
458 1790 609 1848 Murenae
630 1793 663 1848 01
686 1788 788 1849 Fanni
813 1787 989 1865 Caepionis,
1011 1805 1084 1845 mox
1108 1788 1154 1846 M.

114 1907 142 1953 15
151 1893 277 1970 Egnati,
291 1893 365 1953 exin
378 1893 486 1953 Plauti
504 1893 577 1952 Rufi
592 1894 732 1971 Lucique
749 1893 842 1952 Pauli
861 1891 1026 1971 progeneri
1043 1891 1103 1967 sui,
1118 1910 1156 1952 ac

151 2003 276 2076 praeter
296 1999 352 2058 has
375 2000 409 2058 L.
426 1999 546 2059 Audasi
566 1998 718 2058 falsarum
735 1998 914 2058 tabularum
932 1996 978 2056 rei
996 2015 1033 2057 ac
1051 2015 1155 2074 neque

151 2109 254 2164 aetate
283 2123 384 2181 neque
414 2124 541 2182 corpore
569 2104 694 2180 integri,
722 2104 799 2163 item
834 2102 926 2162 Asini
954 2102 1087 2180 Epicadi
1116 2121 1156 2162 01

152 2215 244 2286 gente
265 2210 419 2269 Parthina
439 2209 568 2283 ibridae,
590 2209 630 2268 ad
652 2214 827 2268 extremum
848 2207 990 2286 Telephi,
1012 2207 1155 2267 mulieris

153 2314 235 2374 servi
259 2313 531 2373 nomenculatoris.
574 2315 657 2373 Nam
685 2333 725 2373 ne
752 2313 882 2374 ultimae
907 2312 1035 2390 quidem
1060 2313 1155 2372 sortis

113 2418 314 2478 achominum
342 2419 572 2496 conspiratione
602 2426 634 2479 et
662 2419 801 2496 periculo
833 2418 941 2478 caruit.
994 2416 1181 2476 Audasiusa

151 2530 246 2602 atque
267 2525 425 2602 Epicadus
448 2525 563 2584 Iuliam
583 2524 683 2584 filiam
702 2530 734 2584 01
752 2524 927 2602 Agrippam
947 2527 1094 2601 nepotem
1117 2542 1156 2583 ex

152 2629 264 2689 insulis
288 2630 401 2706 quibus
426 2629 666 2689 continebantur
693 2649 803 2708 rapere
823 2629 863 2688 ad
885 2628 1050 2703 exercitus,
1068 2628 1157 2688 Tele-

153 2736 234 2813 phus
262 2736 352 2812 quasi
379 2735 486 2794 debita
515 2735 575 2793 sibi
603 2736 671 2794 fato
699 2735 912 2794 dominatione
936 2738 969 2794 01
992 2732 1098 2811 ipsum
1123 2737 1156 2793 et

154 2845 296 2901 senatum
330 2840 460 2916 adgredi
495 2840 699 2900 destinarant.
756 2841 838 2910 Quin
870 2839 965 2900 etiam
996 2839 1156 2916 quondam

114 2947 242 3006 aoiuxta
266 2946 443 3005 cubiculum
468 2946 534 3005 eius
557 2946 621 3006 lixa
642 2946 770 3023 quidam
792 2966 830 3004 ex
853 2945 983 3023 Illyrico
1005 2945 1155 3020 exercitu,

153 3051 338 3111 ianitoribus
361 3052 511 3130 deceptis,
527 3057 622 3110 noctu
643 3051 855 3129 deprehensus
878 3056 926 3110 est
946 3050 1046 3110 cultro
1066 3069 1157 3110 vena

153 3157 234 3216 torio
266 3157 395 3231 cinctuS,
424 3158 566 3235 imposne
602 3156 716 3216 mentis
746 3177 786 3216 an
816 3158 963 3217 simulata
996 3155 1156 3216 dementia

154 3262 308 3322 incertum
320 3286 326 3337 3
348 3263 427 3321 nihil
443 3263 527 3322 enim
542 3262 677 3340 exprimi
691 3264 874 3339 quaestione
888 3262 1001 3341 potuit.

193 3369 333 3427 Externa
353 3369 436 3428 bella
457 3369 519 3427 duo
540 3369 667 3428 omnino
686 3388 742 3446 per
764 3387 796 3428 se
817 3369 924 3444 gessit,
943 3367 1155 3429 Delmaticum
1179 3381 1198 3431 a

115 3474 336 3533 coadulescens
351 3474 453 3534 adhuc
467 3479 500 3533 et
516 3474 654 3533 Antonio
674 3475 798 3534 devicto
813 3473 1042 3533 Cantabricum.
1084 3473 1157 3533 Ι)01-

154 3579 268 3639 matico
293 3579 388 3639 etiam
413 3580 543 3638 vulnera
568 3580 701 3657 excepit,
726 3598 789 3638 una
812 3579 879 3639 0010
903 3580 1051 3639 dextrum
1075 3598 1157 3655 genu

153 3684 259 3763 lapide
278 3684 369 3760 ictuS,
388 3684 489 3744 altera
507 3690 540 3744 01
557 3704 627 3745 crus
647 3689 680 3744 01
697 3690 866 3761 utrumque
885 3683 1047 3744 brachium
1066 3683 1157 3746 ruina
