2678 4140
437 261 548 310 usna
572 260 593 309 1.
631 258 743 309 uivus
767 259 891 308 1un1us
1127 247 1167 311 27

156 433 251 510 quasi
272 433 367 510 plane
388 432 572 492 defensione
593 451 629 491 ac
650 431 826 508 patrocinio
844 444 893 490 res
916 436 1031 506 egeret,
1050 430 1168 489 librum

157 538 270 612 edidit,
291 557 356 596 non
376 556 444 597 esse
469 537 611 597 Caesaris
636 536 739 597 filium
760 549 854 613 quem
880 536 1048 614 Cleopatra
1071 537 1166 598 dicat.
1270 607 1274 617 Ι

126 643 294 702 3Helvius
318 643 420 703 Cinna
441 648 479 702 tr.
503 644 545 720 pl.
568 643 728 720 plerisque
750 643 912 717 confessus
941 650 990 704 est
1019 626 1175 704 habuisse*

157 768 191 809 se
208 749 359 827 scriptam
381 754 586 827 paratamque
607 749 718 824 legem,
741 769 836 825 quam
858 749 972 810 Caesar
993 750 1077 810 ierre
1106 751 1167 809 ius-

158 855 253 914 sisset
270 874 341 914 cum
359 855 427 932 ipse
444 854 577 928 abesset,
593 854 641 914 uti
658 873 771 914 uxores
789 855 961 914 liberorum
978 858 1191 933 quaerendos

157 980 229 1019 rum
250 979 342 1020 causa
357 980 434 1038 quas
450 966 482 1019 et
498 965 575 1036 quot
590 960 687 1019 vellet
705 961 819 1020 ducere
833 961 950 1021 liceret.
993 962 1039 1022 At
1057 981 1096 1021 ne
1117 963 1167 1022 cui

158 1065 289 1125 dubium
309 1066 437 1124 omnino
458 1065 501 1124 sit
522 1071 554 1124 et
575 1064 791 1142 impudicitiae
813 1071 846 1125 et
866 1067 1094 1126 adulteriorum
1114 1067 1167 1128 fla-

158 1178 264 1247 grasse
275 1171 417 1245 iniamia,
429 1171 523 1231 Curio
535 1176 625 1248 pater
640 1172 776 1247 quadam
787 1191 859 1230 eum
874 1172 1014 1232 oratione
1025 1173 1166 1232 omnium

159 1277 327 1335 mulierum
340 1276 443 1335 virum
459 1282 491 1335 et
506 1276 646 1334 omnium
661 1276 800 1335 virorum
816 1277 979 1337 mulierem
993 1279 1143 1355 appellat.

95 1394 134 1444 53
198 1381 274 1440 Vini
309 1381 530 1457 parcissimum
564 1401 603 1440 ne
639 1381 760 1441 inimici
795 1383 924 1459 quidem
959 1390 1164 1458 negaverunt.
1177 1398 1206 1444 10

158 1486 480 1546 MarciOatonisest:
510 1507 630 1546 unum
661 1507 707 1546 ex
736 1488 920 1547 omnibus
951 1489 1167 1548 Caesarem
1272 1528 1275 1533 -

158 1591 204 1650 ad
246 1593 509 1651 evertendam
543 1611 623 1650 rem
657 1592 864 1669 publicam
900 1593 1080 1652 sobrium
1114 1614 1168 1654 ao·

159 1697 348 1756 cessisse.
389 1698 474 1756 Nam
495 1697 578 1756 circa
592 1697 713 1756 vietum
728 1697 826 1756 Gaius
842 1698 964 1775 Oppius
979 1699 1057 1758 adeo
1073 1700 1168 1758 indif-

158 1802 314 1861 ferentem
334 1802 426 1861 doeet
446 1807 483 1861 ut
504 1803 663 1879 quondam
683 1803 724 1862 ab
740 1803 866 1880 hospite
884 1805 1045 1863 conditum
1063 1804 1167 1864 oleum

157 1927 214 1985 pro
229 1907 326 1965 viridi
346 1907 527 1984 adpositum
548 1908 790 1985 aspernantibus
813 1909 924 1968 ceteris
947 1910 1048 1968 solum
1070 1911 1166 1970 etiam
1178 1928 1206 1973 15

157 2012 276 2089 largius
299 2012 460 2090 appetisse
484 2013 609 2087 scribat,
628 2032 667 2096 ne
691 2013 849 2089 hospitem
871 2019 928 2073 aut
949 2015 1166 2090 neglegentiae

157 2123 212 2177 aut
233 2117 422 2177 rusticitatis
444 2116 605 2176 videretur
625 2136 763 2192 arguere.

101 2234 137 2284 54
197 2222 436 2282 Abstinentiam
450 2241 551 2298 neque
566 2223 600 2280 in
612 2222 753 2298 imperiis
765 2242 866 2299 neque
881 2223 915 2282 in
929 2224 1166 2300 magistratibus

158 2327 329 2406 praestitit.
377 2328 425 2386 Ut
453 2327 538 2386 enim
566 2327 695 2404 quidam
723 2329 933 2387 monumentis
963 2330 1027 2389 suis
1057 2332 1168 2391 testati

158 2439 241 2508 sunt,
256 2433 290 2490 in
305 2432 463 2509 Hispania
477 2451 535 2508 pro
549 2432 676 2491 consule
690 2437 722 2490 et
736 2452 755 2491 a
770 2432 862 2491 sociis
882 2435 1030 2510 pecunias
1045 2438 1208 2515 accepitae

158 2538 369 2598 emendicatas
404 2537 438 2595 in
465 2536 620 2596 auxilium
647 2537 728 2596 aeris
756 2538 853 2596 alieni
882 2545 914 2598 et
943 2540 1168 2600 Lusitanorum

158 2644 312 2720 quaedam
327 2642 452 2720 oppida,
468 2661 649 2720 quanquam
663 2661 721 2701 nec
736 2642 890 2719 imperata
907 2645 1123 2706 detrectarent
1138 2653 1170 2707 et

136 2748 340 2810 radvenienti
368 2754 475 2826 portas
505 2748 731 2826 patefacerent,
755 2748 889 2826 diripuit
916 2750 1085 2810 hostiliter.
1129 2754 1169 2811 In
1281 2812 1300 2839 ,Ἰ

159 2855 265 2923 Gallia
291 2854 368 2914 fana
396 2854 576 2931 templaque
604 2855 699 2913 deum
730 2854 820 2914 donis
851 2855 969 2915 referta
1004 2857 1168 2933 expilavit,

159 2961 250 3020 urbes
280 2958 379 3019 diruit
407 2959 532 3036 saepius
562 2959 601 3017 ob
626 2958 776 3036 praedam
806 2979 901 3036 quam
926 2961 965 3019 ob
996 2961 1207 3037 delictum325
1290 2939 1295 2947 .

159 3067 241 3125 unde
260 3065 382 3126 factum
401 3070 436 3124 ut
456 3085 533 3124 auro
552 3065 728 3124 abundaret
749 3065 910 3142 ternisque
933 3066 1060 3126 milibus
1083 3088 1170 3126 num·

160 3190 246 3230 mum
273 3170 307 3228 in
332 3170 428 3230 libras
458 3170 649 3248 promercale
680 3189 737 3247 per
767 3171 896 3230 Italiam
927 3172 1168 3250 provinciasque

138 3276 352 3336 adivender'et.
402 3277 442 3334 In
465 3275 567 3353 primo
592 3276 757 3335 consulatu
776 3276 838 3335 tria
863 3276 950 3336 milia
973 3279 1077 3354 pondo
1100 3280 1170 3338 auri

161 3382 284 3442 iuratus
312 3401 330 3441 e
358 3381 515 3459 Capitolio
537 3382 724 3441 tantundem
749 3381 886 3441 inaurati
909 3384 991 3442 aeris
1017 3385 1167 3460 reposuit.

162 3488 333 3548 Societates
349 3507 386 3548 ac
407 3508 503 3563 regna
524 3488 626 3566 pretio
649 3488 747 3561 dedit,
770 3494 807 3546 ut
829 3489 884 3564 qui
906 3489 962 3547 uni
986 3490 1208 3551 Ptolemae030

162 3613 259 3672 prope
294 3613 348 3654 sex
384 3594 472 3653 milia
506 3594 698 3653 talentorum
733 3612 789 3652 suo
819 3595 1014 3672 Pompeique
1041 3597 1169 3656 nomine

162 3699 336 3760 abstulerit.
377 3700 493 3758 Postea
514 3718 587 3758 vero
609 3698 855 3758 evidentissimis
878 3700 998 3777 rapinis
1020 3720 1056 3761 ac
1077 3703 1170 3761 saeri-
