2678 4140
155 245 196 310 30
237 255 266 308 C.
293 254 449 307 SUETONI
472 231 701 317 TRANQUILLI
724 255 773 304 DE
787 254 887 306 ‘VITA
910 253 1113 306 CAESARUM

153 431 205 490 die
225 429 379 507 pervenit.
421 427 586 505 Epistulae
606 446 728 504 quoque
746 427 867 486 eiusad
885 432 1029 486 senatum
1047 433 1182 489 extante

153 555 231 614 quas
248 535 386 612 primum
400 534 526 593 videtur
544 534 584 592 ad
607 533 737 610 paginas
752 538 784 591 et
809 532 943 591 formam
966 534 1157 594 memorialis

154 640 254 701 libelli
282 639 483 714 convertisse,
509 658 579 698 cum
606 643 699 698 antea
727 637 868 697 consules
896 643 929 696 ct
963 638 1058 699 duces
1094 660 1158 699 non

153 747 216 806 nisi
230 753 410 806 transversa
427 746 536 805 charta
555 745 689 821 scriptas
707 744 879 803 mitterent.
920 745 1043 804 Extant
1064 751 1096 805 et
1117 746 1157 805 ad

129 853 344 926 cCiceronem,
368 852 445 910 item
467 851 507 910 ad
530 850 702 910 familiares
731 850 913 909 domesticis
936 851 975 910 de
999 850 1101 926 rebus,
1124 852 1158 910 in

154 958 276 1035 quibus,
306 957 334 1016 si
361 976 423 1034 qua
451 957 603 1016 occultius
632 956 820 1033 perferenda
849 961 949 1031 crant,
978 975 1035 1033 per
1065 962 1156 1017 notas

154 1063 290 1140 scripsit,
312 1062 345 1121 id
366 1067 416 1121 est
437 1061 482 1121 sic
503 1067 623 1120 structo
645 1062 823 1120 litterarum
844 1061 953 1120 ordine
977 1067 1014 1120 ut
1033 1061 1157 1121 nullum

153 1168 284 1244 verbum
305 1167 385 1227 effici
406 1172 532 1244 posset:
564 1186 643 1243 quae
666 1167 692 1225 si
714 1167 769 1243 qui
791 1167 981 1242 investigare
1002 1172 1035 1227 et
1056 1186 1158 1244 perse-

153 1275 208 1352 qui
230 1274 317 1349 velit,
339 1279 484 1351 quartam
507 1273 732 1332 elementorum
755 1273 904 1347 litteram,
922 1273 955 1330 id
975 1278 1025 1332 cst
1042 1275 1082 1348 D,
1100 1293 1157 1351 pro

115 1381 183 1442 10A
204 1385 237 1439 et
258 1379 387 1457 perinde
405 1379 542 1455 reliquas
565 1384 743 1438 commutet.
797 1379 956 1437 Feruntur
970 1384 1003 1438 et
1016 1379 1180 1442 †aitveror

153 1485 193 1546 ab
219 1485 455 1544 adulescentulo
479 1485 633 1560 quaedam
662 1484 788 1561 scripta,
814 1490 850 1542 ut
878 1484 1039 1544 Laudes
1068 1485 1159 1544 Her·

155 1589 644 1666 culis,tragoedia0edipus,
660 1589 736 1648 item
751 1588 1157 1650 DictaCollectanea:

154 1714 232 1774 quos
249 1696 349 1754 omnis
364 1695 488 1754 libellos
503 1694 606 1753 vetuit
620 1695 783 1770 Augustus
798 1694 953 1771 publicari
968 1694 1001 1753 in
1022 1695 1159 1772 epistula

154 1821 248 1878 quarn
276 1801 403 1860 brevem
430 1800 599 1859 admodum
631 1818 667 1858 ac
695 1799 870 1876 simplicem
898 1801 938 1859 ad
972 1801 1159 1878 Pompeium

117 1920 145 1966 15
155 1909 307 1981 Macrum,
323 1905 373 1964 oui
387 1905 575 1964 ordinandas
591 1904 796 1964 bibliothecas
811 1905 1019 1981 delegaverat,
1035 1906 1131 1966 misit.

197 1993 366 2070 Armorum
401 2017 433 2069 et
468 2010 631 2086 equitandi
667 2011 888 2086 peritissimus,
924 2010 1040 2070 laboris
1075 2012 1160 2071 ultra
1182 2023 1213 2075 57

155 2119 251 2177 fidem
268 2117 392 2194 patiens
411 2122 486 2175 erat.
530 2116 568 2173 Iu
588 2115 713 2190 agmine
732 2135 968 2193 nonnumquam
985 2135 1077 2194 equo,
1099 2136 1161 2177 sae-

157 2224 228 2301 pius
251 2221 383 2299 pedibus
404 2220 555 2294 anteibat,
576 2220 679 2297 capite
699 2221 822 2280 detecto
843 2240 897 2280 seu
918 2221 964 2280 sol
984 2240 1040 2281 seu
1061 2222 1161 2282 imber

158 2335 258 2402 esset;
280 2327 480 2402 longissimas
509 2325 577 2384 vias
609 2326 787 2385 incredibili
819 2326 980 2386 celeritate
1014 2328 1160 2403 coniecit,

119 2433 334 2511 reexpeditus,
360 2418 522 2490 meritoria
549 2431 652 2504 raeda,
679 2436 809 2490 centena
836 2450 987 2508 passuum
1016 2433 1105 2492 milia
1128 2433 1162 2491 in

159 2538 298 2613 singulos
326 2536 412 2609 dies3
434 2536 461 2594 si
488 2535 619 2594 flumina
648 2541 853 2610 morarentur,
881 2537 985 2596 nando
1013 2537 1160 2597 traiciens

159 2643 208 2702 vel
231 2642 358 2700 innixus
380 2639 499 2699 inflatis
521 2639 655 2714 utribus,
677 2645 714 2699 ut
734 2659 884 2718 persaepe
912 2641 1039 2706 nuntios
1061 2642 1100 2702 de
1130 2661 1162 2702 sc

159 2746 366 2826 praevenerit.

200 2854 240 2911 In
282 2850 433 2911 obeundis
479 2850 733 2928 expeditionibus
779 2851 911 2910 dubium
957 2852 1078 2912 cautior
1122 2872 1162 2912 au
1185 2865 1218 2915 58

121 2976 151 3020 25
160 2957 334 3031 audentior,
363 2956 536 3014 exercitum
563 2975 664 3031 neque
686 2975 742 3032 per
763 2956 915 3016 insidiosa
935 2957 1051 3017 itinera
1071 2958 1164 3016 duxit

160 3081 310 3137 umquam
344 3060 406 3119 nisi
441 3061 678 3137 perspeculatus
714 3061 853 3119 locorum
886 3061 965 3120 situs
1001 3082 1102 3139 neque
1131 3063 1164 3121 in

162 3166 360 3225 Britanniam
380 3165 557 3225 transvexit
576 3165 638 3224 nisi
653 3172 726 3224 ante
746 3185 802 3242 per
817 3185 849 3226 se
864 3172 973 3243 portus
991 3173 1024 3226 ct
1040 3168 1165 3244 naviga-

163 3273 280 3331 tionem
302 3275 334 3330 et
355 3289 514 3330 accessum
535 3271 576 3329 ad
598 3270 732 3329 insularn
762 3271 965 3348 explorasset.
1009 3273 1054 3332 At
1081 3273 1164 3333 idem

163 3377 342 3437 obsessione
358 3383 532 3436 castrorum
547 3376 581 3434 in
596 3377 765 3436 Germania
779 3378 926 3437 nuntiata
941 3397 997 3455 per
1012 3379 1165 3438 stationes

124 3501 153 3546 30
163 3482 301 3542 hostium
317 3481 439 3542 Gallico
454 3481 565 3540 habitu
580 3482 758 3559 penetravit
773 3483 813 3541 ad
828 3502 908 3542 suos.
952 3484 980 3541 A
997 3485 1188 3547 Brundisioa

163 3587 375 3666 Dyrrachium
403 3587 486 3646 inter
515 3587 675 3663 oppositas
709 3587 823 3646 classes
855 3588 958 3648 hieme
990 3591 1167 3650 transmisit

165 3692 422 3768 cessantibusque
452 3692 550 3768 copiis
579 3710 656 3767 quas
688 3691 836 3768 subsequi
864 3693 999 3754 iusserat
1029 3713 1101 3754 oum
1127 3697 1168 3756 ad
