2678 4146
186 234 229 297 44
271 245 301 296 c.
327 245 482 297 surroru
506 246 732 324 rasuoornm
755 247 805 297 un
828 247 920 299 vrrs
943 247 1149 301 cansarum

188 417 267 478 cella
288 436 424 505 cremare
445 437 518 497 pars
541 419 574 477 in
596 418 682 479 curia
702 419 834 498 Pompei
855 420 1038 497 destinaret,
1059 427 1194 500 repente

187 522 249 582 duo
270 523 399 599 quidam
419 523 533 599 gladiis
559 523 710 583 succincti
737 543 774 584 ac
800 525 876 585 bina
901 525 1004 586 iacula
1030 532 1192 603 gestantes

186 628 369 689 ardentibus
385 629 481 688 cereis
497 629 724 689 succenderunt
741 629 972 707 confestimque
991 631 1195 694 circumstan-

188 733 269 794 tium
289 734 382 793 turba
402 733 541 810 virgulta
564 734 653 794 arida
681 740 713 795 et
734 754 805 794 cum
826 735 984 795 subselliis
1009 736 1192 815 tribunalia,

163 839 338 916 squicquid
352 845 514 917 praeterea
527 840 567 900 ad
588 840 704 899 donum
726 841 845 915 aderat,
860 841 1025 917 congessit.
1067 843 1215 904 Deinde4

188 945 333 1005 tibicines
362 951 394 1004 et
422 944 555 1005 scaenici
583 945 719 1004 artifices
741 951 871 1021 vestem,
894 965 988 1022 quam
1016 966 1055 1007 ex
1082 948 1192 1008 trium·

187 1052 322 1130 phorum
350 1052 560 1113 instrumento
587 1052 627 1111 ad
656 1057 854 1128 praesentem
884 1070 977 1112 usum
1011 1053 1190 1131 induerant,

187 1159 362 1218 detractam
379 1157 440 1217 sibi
453 1161 549 1233 atque
563 1156 729 1217 discissam
749 1157 883 1217 iniecere
903 1157 1048 1219 flammae
1062 1165 1095 1219 et
1108 1166 1192 1220 vete

187 1282 334 1324 ranorum
345 1263 481 1323 militum
490 1263 653 1339 legionarii
664 1282 751 1322 arma
762 1281 827 1338 sua,
839 1262 952 1340 quibus
964 1264 1082 1324 exculti
1093 1265 1190 1326 funus

150 1384 178 1430 10
188 1368 403 1443 celebrabant;
430 1373 590 1427 matronae
612 1367 707 1427 etiam
729 1368 896 1444 pleraeque
918 1375 1103 1430 ornamenta
1124 1389 1190 1447 sua,

188 1492 267 1552 quae
281 1472 439 1550 gerebant,
455 1478 487 1532 et
502 1472 671 1532 liberorum
686 1473 787 1532 bullas
805 1478 900 1550 atque
917 1479 1108 1551 praetextas.

228 1580 268 1638 In
282 1597 404 1638 summo
421 1578 546 1655 publico
560 1578 649 1637 luctu
663 1583 841 1637 exterarum
859 1579 1002 1654 gentium
1019 1580 1214 1640 multitudot

188 1683 363 1744 circulatim
378 1702 433 1742 suo
448 1703 589 1760 quaeque
605 1701 689 1742 more
704 1683 877 1743 lamentata
890 1690 939 1742 est
960 1685 1190 1763 praecipueque

188 1789 307 1864 Iudaei,
323 1789 377 1865 qui
399 1789 494 1848 etiam
516 1788 660 1847 noctibus
684 1788 840 1847 continuis
862 1788 991 1848 bustum
1012 1789 1192 1867 frequenta

149 1908 178 1954 15
188 1900 269 1954 runt.

227 2000 321 2060 Plebs
344 2000 453 2059 statim
473 2019 493 2059 a
513 2000 624 2058 funere
645 2000 685 2058 ad
706 2000 833 2057 domum
856 1999 948 2059 Bruti
970 2006 1001 2060 et
1016 2001 1106 2061 Cassi
1120 2021 1192 2062 cum
1213 2011 1250 2061 85

187 2105 309 2165 facibus
325 2105 462 2165 tetendit
475 2111 570 2181 atque
584 2123 676 2180 aegre
692 2105 818 2181 repulsa
828 2104 956 2163 obvium
966 2105 1026 2164 sibi
1038 2106 1192 2166 Helvium

187 2211 320 2271 Cinnam
342 2229 398 2287 per
419 2228 555 2269 errorem
576 2209 721 2283 nominis,
744 2209 834 2286 quasi
863 2210 1026 2269 Cornelius
1048 2211 1075 2270 is
1097 2219 1190 2288 esset,

187 2335 280 2392 quem
295 2315 433 2391 graviter
447 2315 549 2392 pridie
565 2315 779 2373 contionatum
793 2314 832 2372 de
847 2314 978 2374 Caesare
1000 2316 1190 2394 requirebat,

147 2421 302 2481 moccidit
337 2426 492 2498 caputque
531 2420 597 2478 eius
633 2420 807 2496 praefixum
842 2419 950 2479 hastae
986 2421 1189 2484 circumtulit

186 2527 301 2586 Postea
323 2526 456 2585 solidam
479 2525 655 2584 columnam
676 2543 773 2601 prope
795 2525 910 2599 viginti
932 2526 1048 2602 pedum
1073 2527 1190 2604 lapidis

186 2631 349 2690 Numidici
364 2632 397 2689 in
411 2631 480 2689 foro
495 2629 608 2688 statuit
624 2629 848 2705 inscripsitque
864 2648 1010 2688 nannum
1032 2649 1188 2694 Paruum.

187 2738 282 2814 Apud
310 2756 379 2796 eam
410 2736 502 2811 longo
533 2741 674 2812 tempore
704 2734 887 2809 sacrificare,
916 2741 990 2795 vota
1019 2737 1188 2815 suscipere,

187 2842 414 2902 controversias
443 2841 595 2917 quasdam
628 2839 816 2916 interposito
844 2857 900 2916 per
928 2840 1093 2901 Caesarem
1121 2842 1189 2904 iure

147 2962 176 3008 ao
186 2948 317 3007 iurando
338 2947 513 3006 distrahere
535 2944 756 3021 perseveravit.
1121 3025 1125 3031 ἢ

227 3053 442 3131 Suspicionem
457 3051 571 3110 Caesar
585 3050 773 3125 quibusdam
788 3069 915 3109 suorum
936 3051 1066 3129 reliquit
1086 3072 1189 3132 neque
1211 3067 1247 3119 86

186 3158 322 3217 voluisse
337 3176 369 3217 se
384 3155 504 3215 diutius
519 3154 625 3212 vivere
646 3173 746 3230 neque
769 3161 892 3214 curasse
914 3157 997 3232 quod
1012 3157 1188 3220 valitudine

186 3263 289 3322 minus
313 3280 464 3340 prospera
491 3263 641 3332 uteretur,
670 3259 802 3335 ideoque
837 3266 870 3320 et
905 3280 984 3337 quae
1019 3262 1187 3339 religiones

186 3374 347 3429 monerent
368 3374 400 3428 et
420 3385 500 3444 quae
523 3364 740 3423 renuntiarent
763 3365 856 3424 amici
880 3367 1063 3441 neglexisse.
1106 3369 1189 3431 Sunt

146 3475 239 3552 ecqui
254 3478 368 3551 putent
385 3471 535 3531 confisum
554 3488 625 3529 eum
640 3469 812 3528 novissimo
826 3470 882 3528 illo
897 3477 1024 3531 senatus
1044 3474 1187 3535 consulto

184 3599 220 3640 ac
235 3580 302 3638 iure
317 3578 448 3637 iurando
463 3576 559 3635 etiam
574 3574 731 3633 custodias
748 3574 965 3651 Hispanorum
980 3595 1050 3635 cum
1071 3578 1186 3654 gladiis

183 3682 487 3761 tadinspectantium
498 3699 531 3740 se
545 3678 722 3739 removisse.
766 3678 831 3736 Alii
846 3679 1002 3740 ediverso
1017 3681 1211 3759 opinantura
