2678 4146
442 269 553 319 mena
577 269 598 318 1.
636 267 747 317 nrvus
770 266 893 318 marus
1150 256 1169 318 9

168 445 250 522 quod
270 443 460 503 Mithridate
482 460 553 518 rege
575 441 660 500 victo
688 440 886 501 cunctantius
912 440 1170 501 confirmarentur

168 557 236 610 acta
260 568 335 623 sua3
365 547 578 624 Pompeioque
606 547 749 606 Marcum
774 547 922 605 Crassum
947 545 1169 624 reconciliavit,

169 661 306 715 veterem
327 653 490 712 inimicum
511 671 548 712 ex
571 652 744 726 consulatu,
759 670 852 729 quem
874 671 996 712 summa
1014 653 1171 713 discordia
1222 685 1227 695 ·

171 761 261 819 simul
290 764 471 836 gesserant;
501 777 538 819 ac
566 758 749 817 societatem
778 777 848 817 cum
872 764 1006 836 utroque
1031 759 1104 819 iniit
1130 779 1170 819 ne

172 867 244 943 quid
272 871 419 942 ageretur
446 865 480 923 in
507 883 539 922 re
568 863 694 941 publica
719 864 803 940 quod
831 864 1047 941 displicuisset
1071 865 1129 924 ulli
1154 876 1195 924 eo

173 973 278 1032 tribus.

114 1089 157 1139 20
209 1079 295 1137 Inito
309 1078 426 1136 honore
444 1076 564 1154 primus
580 1076 720 1134 omnium
741 1075 883 1135 instituit
902 1083 938 1135 ut
958 1082 1024 1136 tam
1044 1082 1170 1137 senatus

175 1202 263 1259 quam
291 1183 402 1260 populi
429 1182 542 1240 diurna
570 1188 640 1241 acta
668 1181 838 1240 confierent
866 1187 898 1240 et
926 1181 1169 1258 publicarentur.

176 1289 347 1366 Antiquum
368 1288 464 1347 etiam
486 1287 611 1346 rettulit
632 1305 750 1345 morem
771 1292 816 1361 ut,
845 1306 907 1364 quo
936 1305 1041 1346 mense
1070 1288 1171 1347 fasces

174 1410 230 1453 non
247 1392 388 1467 haberet,
405 1411 552 1458 accensus
570 1397 643 1451 ante
658 1411 728 1451 eum
744 1392 814 1467 iret,
828 1392 956 1452 lictores
971 1411 1051 1470 pone
1067 1411 1173 1469 seque
1183 1404 1212 1450 ιο
1259 1388 1273 1427 l

173 1505 287 1558 rentur.
329 1499 412 1573 Lege
436 1502 542 1556 autem
567 1497 690 1572 agraria
714 1498 912 1574 promulgata
934 1497 1173 1558 obnuntiantem

169 1604 320 1680 collegam
342 1603 437 1663 armis
453 1603 522 1661 foro
537 1603 660 1680 expulit
674 1622 710 1662 ac
725 1609 851 1680 postero
865 1603 916 1662 die
931 1603 964 1662 in
980 1609 1091 1663 senatu
1106 1622 1174 1663 con-

168 1715 317 1786 questum
337 1728 396 1769 nec
416 1728 574 1786 quoquam
596 1714 720 1786 reperto
737 1709 792 1785 qui
810 1728 904 1785 super
922 1708 982 1768 tali
999 1715 1175 1791 consterna-

166 1817 255 1875 tione
277 1815 395 1874 relerre
416 1820 472 1874 aut
492 1833 618 1874 censere
642 1814 764 1890 aliquid
784 1815 924 1889 auderet,
946 1814 1053 1891 qualia
1074 1816 1174 1875 multa

167 1939 264 1998 saepe
285 1921 319 1978 in
340 1920 510 1980 levioribus
535 1920 637 1979 turbis
659 1920 786 1979 decreta
806 1925 905 1994 erant,
927 1920 1051 1980 ineam
1073 1921 1175 1996 coegit
1185 1935 1213 1980 15

168 2026 423 2104 desperationem
446 2019 483 2085 ut
505 2027 607 2103 quoad
629 2031 787 2103 potestate
807 2025 909 2084 abiret
933 2026 1026 2084 domo
1046 2025 1174 2087 abditus

171 2131 251 2190 nihil
266 2131 353 2191 aliud
368 2150 462 2208 quam
480 2150 536 2208 per
550 2131 654 2191 edicta
669 2130 877 2190 obnuntiaret.

112 2229 152 2278 2
211 2239 304 2297 Unus
316 2256 354 2296 ex
366 2255 402 2296 eo
417 2243 557 2314 tempore
569 2237 674 2296 omnia
685 2236 718 2295 in
731 2255 763 2295 re
778 2236 904 2314 publica
914 2243 947 2297 et
957 2237 997 2297 ad
1008 2237 1175 2297 arbitrium
1249 2246 1260 2273 ⁰

173 2342 416 2416 administravit,
446 2348 483 2402 ut
512 2342 656 2402 nonnulli
685 2341 886 2416 urbanorum,
916 2361 986 2401 curn
1014 2343 1092 2420 quid
1119 2361 1176 2420 per

174 2448 274 2508 iocum
295 2448 435 2507 testandi
455 2448 557 2523 gratia
579 2449 749 2524 signarent,
764 2467 827 2506 non
845 2447 977 2507 Caesare
998 2453 1030 2507 et
1052 2447 1215 2523 Bibulo,ao

176 2554 227 2612 sed
256 2552 339 2611 Iulio
367 2558 400 2612 et
428 2552 559 2613 Caesare
588 2554 768 2613 oonsulibus
793 2559 899 2613 actum
923 2554 1105 2629 seriberent,
1126 2553 1175 2613 bis

176 2659 305 2718 eundem
328 2665 557 2736 praeponentes
586 2661 711 2719 nomine
739 2666 834 2736 atque
864 2661 1056 2735 cognomine,
1078 2665 1175 2736 utque

176 2764 264 2840 vulgo
279 2783 352 2824 mox
366 2765 525 2823 ferrentur
538 2765 572 2823 hi
587 2784 714 2825 versus:

177 2919 259 2979 Non
273 2919 419 2980 Bibulo
434 2920 613 2997 quiddam
633 2941 755 2998 nuper
774 2922 837 2981 sed
859 2922 1018 2981 Caesare
1033 2922 1176 2982 factum

333 3031 410 3085 est:
1185 3051 1215 3097 25

253 3151 341 3192 nam
363 3131 512 3191 Bibulo
534 3133 636 3191 fieri
658 3132 824 3192 consule
846 3132 906 3191 nil
928 3132 1101 3192 memini.

160 3290 327 3371 3Campum
360 3293 524 3353 Stellatem
556 3294 725 3355 maioribus
758 3301 972 3354 consecratum
1004 3313 1177 3371 agrumque

180 3396 369 3476 Campanum
390 3400 430 3459 ad
452 3400 593 3459 subsidia
608 3401 652 3460 rei
668 3400 811 3478 publicae
826 3400 1014 3476 vectigalem
1031 3400 1176 3459 relictum

180 3503 285 3564 divisit
307 3511 397 3564 extra
422 3511 537 3564 sortem
556 3507 604 3565 ad
625 3506 739 3582 viginti
764 3507 890 3565 milibus
921 3507 1037 3565 civium
1062 3505 1176 3581 quibus

181 3611 258 3669 terni
278 3610 425 3688 pluresve
454 3612 546 3671 liberi
574 3620 687 3674 essent.
743 3615 931 3674 Publicanos
961 3614 1215 3672 remissionemro

181 3717 313 3790 petentis
336 3717 432 3776 tertia
454 3719 631 3778 mercedum
653 3725 742 3796 parte
764 3720 917 3779 relevavit
936 3737 973 3778 ac
987 3738 1026 3777 ne
1047 3719 1079 3776 in
1099 3719 1177 3776 loca·
