2678 4140
151 195 193 260 60
234 205 265 259 c.
290 205 447 260 suuroru
468 178 696 271 recreemur
720 208 769 258 nn
794 207 884 260 vrrs
907 208 1111 265 cansarum

151 385 200 440 et:
237 385 300 440 sat
330 380 527 440 celeriter
559 380 659 440 fieri
694 380 897 458 quidquid
932 381 1014 443 fiat
1049 384 1154 444 satis

151 485 259 546 bene.
314 485 474 544 Proelium
509 487 638 563 quidem
671 491 727 547 aut
760 485 878 545 bellum
918 486 1156 566 suscipiendum

152 590 278 650 omnino
316 590 459 666 negabat,
494 592 557 651 nisi
595 611 666 650 cum
704 591 803 651 maior
840 591 1044 653 emolumenti
1084 613 1156 672 spes

152 716 247 774 quam
274 696 381 755 damni
410 703 512 756 metus
541 697 766 758 ostenderetur.
809 699 893 758 Nam
921 698 1052 759 minima
1078 717 1158 776 com·

128 803 245 862 tmoda
266 821 329 861 non
356 801 486 862 minimo
515 803 666 863 sectantis
693 803 875 864 discrimine
904 804 1023 864 similes
1051 804 1182 865 aiebat*

153 927 221 968 esse
247 927 341 968 aureo
370 908 463 967 hamo
494 909 699 986 piscantibus,
728 909 815 969 cuius
846 909 974 988 abrupti
1006 911 1158 970 damnum

152 1014 240 1074 nulla
254 1019 385 1092 captura
398 1014 524 1091 pensari
538 1021 654 1092 posset.
1170 1094 1172 1097 Ι

192 1119 399 1195 Magistratus
418 1125 514 1197 atque
533 1119 665 1179 honores
684 1125 716 1180 et
729 1125 803 1180 ante
817 1125 942 1198 tempus
957 1126 990 1180 et
1004 1120 1159 1198 quosdam
1181 1128 1198 1178 2

152 1225 226 1284 novi
247 1224 369 1300 generis
391 1229 623 1302 perpetuosque
645 1225 737 1302 oepit.
780 1224 986 1284 Consulatum
1006 1225 1159 1285 vicesimo

115 1342 144 1388 10
152 1329 265 1389 aetatis
280 1348 362 1389 anno
376 1330 494 1389 invasit
514 1330 650 1390 admotis
672 1330 832 1389 hostiliter
846 1330 885 1390 ad
900 1330 1010 1389 urbem
1031 1330 1159 1406 legioni·

152 1434 210 1493 bus
222 1434 389 1511 missisque
400 1434 455 1510 qui
467 1435 528 1494 sibi
539 1435 664 1494 nomine
676 1435 832 1494 exercitus
844 1435 1050 1512 deposcerent
1060 1458 1067 1509 3
1088 1454 1160 1494 cum

153 1540 280 1618 quidem
308 1545 475 1599 cunctante
504 1546 615 1600 senatu
643 1540 805 1600 Cornelius
835 1540 985 1615 centurio,
1009 1540 1159 1618 princeps

153 1644 329 1720 legationis,
351 1644 466 1704 reiecto
488 1645 597 1720 sagulo
618 1645 786 1705 ostendens
808 1644 905 1721 gladii
927 1644 1075 1723 capulum
1095 1664 1160 1704 non

153 1750 329 1809 dubitasset
350 1750 384 1808 in
405 1750 491 1809 curia
515 1750 635 1810 dicere:
667 1750 744 1809 Hic
769 1750 907 1825 faciet,
930 1749 1056 1809 sivos
1083 1769 1159 1809 non

116 1855 357 1916 reieceritis.
401 1855 578 1915 Secundum
601 1855 797 1915 consulatum
822 1860 895 1932 post
915 1874 1028 1915 novem
1049 1871 1182 1931 annosa

153 1961 284 2020 tertium
297 1979 379 2020 anno
394 1960 559 2019 interiecto
573 1960 681 2036 gessit,
693 1961 853 2037 sequentis
868 1960 1019 2038 usquead
1034 1961 1160 2020 undeci-

154 2085 239 2124 mum
261 2065 466 2140 continuavit,
482 2065 652 2141 multisque
674 2085 746 2124 mox
768 2085 839 2124 oum
855 2066 1055 2126 deferrentur
1077 2085 1160 2125 recu-

155 2170 232 2230 satis
253 2170 472 2229 duodecimum
494 2190 615 2247 magno,
631 2171 663 2228 id
678 2176 727 2229 est
749 2171 973 2248 septemdecim
994 2190 1159 2246 annorum,

155 2275 323 2335 intervallo
337 2282 370 2334 et
382 2294 491 2353 rursus
512 2277 642 2334 tertium
663 2276 818 2334 decimum
834 2276 961 2335 biennio
982 2282 1056 2353 post
1075 2277 1159 2336 ultro

116 2381 245 2458 repetit,
262 2387 299 2440 ut
316 2380 349 2440 Ο.
368 2361 401 2440 et
422 2380 554 2440 Lucium
571 2381 653 2439 filios
671 2381 868 2458 amplissimo
884 2380 1046 2458 praeditus
1065 2383 1161 2457 magi-

155 2491 257 2546 stratu
274 2505 330 2545 suo
347 2505 502 2563 quemque
520 2486 664 2544 tirocinio
681 2486 849 2545 deduceret
864 2485 896 2543 in
911 2486 1024 2546 forum.
1067 2486 1183 2556 Quin-3

155 2611 215 2670 que
229 2592 348 2651 medios
364 2592 543 2651 consulatus
558 2611 577 2651 a
592 2597 681 2650 sexto
694 2592 734 2650 ad
746 2591 902 2651 decimum
916 2610 1036 2651 annuos
1051 2592 1159 2668 gessit,

156 2702 274 2758 ceteros
289 2702 344 2757 aut
358 2716 470 2756 novem
485 2704 540 2756 aut
555 2715 609 2755 sex
623 2702 679 2756 aut
693 2701 842 2773 quattuor
860 2704 916 2757 aut
933 2697 1033 2756 tribus
1049 2698 1161 2757 mensi-

155 2804 223 2879 bus,
249 2804 420 2863 secundum
444 2821 517 2861 vero
542 2802 739 2880 paucissimis
764 2802 858 2861 horis
901 2803 985 2862 Nam
1009 2802 1061 2862 die
1086 2802 1159 2862 Kal.

118 2909 224 2971 aoIan.
240 2926 311 2967 cum
325 2927 416 2967 mane
430 2924 493 2985 pro·
501 2909 578 2966 aede
593 2907 764 2985 Capitolini
780 2907 865 2966 Iovis
881 2906 1045 2984 paululum
1061 2907 1161 2966 curuli

157 3013 235 3073 sella
258 3013 478 3090 praesedisset,
503 3013 619 3071 honore
644 3012 723 3071 abiit
752 3012 885 3070 suffecto
909 3012 972 3071 alio
999 3012 1033 3070 in
1058 3012 1162 3071 locum

158 3137 257 3178 suum.
299 3119 367 3177 Nec
388 3136 494 3177 omnes
517 3120 644 3192 Romae,
663 3119 718 3176 sed
740 3123 889 3193 quartum
911 3117 1109 3177 consulatum
1130 3118 1163 3176 in

158 3222 245 3299 Asia,
259 3224 407 3301 quintum
421 3223 454 3281 in
468 3224 572 3282 insula
594 3224 695 3298 Samo,
711 3228 856 3282 octavum
871 3228 903 3282 et
916 3242 1034 3281 nonum
1056 3223 1164 3283 Tarra

42 3390 45 3399 ,
159 3349 234 3390 cone
249 3329 318 3389 init.

120 3451 150 3497 30
199 3436 448 3496 Triumuiratum
459 3437 504 3496 rei
515 3457 545 3514 p.
559 3437 796 3496 constituendae
808 3456 864 3514 per
879 3435 986 3495 decem
1000 3453 1100 3494 annos
1114 3434 1166 3494 ad·
1187 3445 1200 3496 l

159 3542 370 3617 ministravit3
393 3544 504 3619 inquo
527 3543 646 3601 restitit
668 3542 795 3618 quidem
817 3540 1012 3617 aliquamdiu
1036 3540 1164 3616 collegis

159 3666 199 3708 ne
213 3665 276 3724 qua
288 3647 379 3708 fieret
398 3647 595 3725 proscriptio,
612 3646 667 3705 sed
689 3647 847 3723 inceptam
866 3651 1000 3722 utroque
1019 3644 1163 3705 acerbius
