2678 4140
288 258 291 277 ·
403 293 418 296 i.
439 247 552 297 rmus
575 248 612 296 u.
649 247 762 298 nrvus
786 246 977 299 AUGUSTUS
1169 235 1208 300 51

174 416 343 480 invisum
365 420 531 495 sentiebat,
552 421 687 480 maxime
716 421 799 497 quod
821 422 859 480 D.
886 422 1021 480 Brutum
1049 421 1210 481 obsessum

180 525 349 587 {Mutinae
371 526 534 603 provincia
555 546 574 585 a
595 527 727 585 Caesare
748 527 822 585 data
843 531 876 585 et
896 545 952 603 per
975 531 1119 585 senatum
1144 546 1211 586 con·

110 633 161 679 3
184 632 329 692 firmata
354 631 511 709 expellere
534 632 631 691 armis
655 632 817 690 niteretur.
868 631 1079 690 Hortantibus
1104 632 1210 708 itaque

191 736 366 796 nonnullis
381 756 579 814 percussores
594 737 624 796 ei
635 736 827 811 subornavit,
841 755 877 796 ac
891 736 1003 796 fraude
1016 736 1212 814 deprehensa

199 842 382 921 periculum
395 842 429 901 in
443 842 545 902 ricem
560 848 703 902 metuens
718 847 884 902 veteranos
900 841 995 900 simul
1014 841 1048 900 in
1069 861 1161 902 suum
1175 858 1234 902 aco

205 946 251 1008 rei
272 968 303 1026 p.
326 947 481 1008 auxilium
502 953 621 1024 quanta
642 947 747 1025 potuit
768 947 934 1023 largitione
956 947 1131 1022 contraxit;
1152 947 1212 1007 ius-

207 1072 323 1130 susque
338 1058 518 1130 comparato
533 1052 685 1112 exercitui
699 1072 756 1130 pro
771 1058 915 1130 praetore
929 1071 1074 1130 praeesse
1095 1057 1211 1112 etcum

208 1159 317 1218 Hirtio
337 1177 374 1218 ac
395 1158 508 1245 lausa,
531 1159 585 1235 qui
607 1158 804 1217 consulatum
826 1162 1037 1235 susceperant,
1051 1159 1090 1216 D.
1113 1159 1212 1217 Bruto

209 1284 299 1342 opem
320 1264 414 1338 ferre,
429 1250 659 1323 ⁴demandatum
680 1263 799 1321 bellum
820 1263 915 1323 tertio
943 1281 1049 1322 mense
1077 1263 1213 1323 confecit

169 1369 328 1429 §duobus
344 1368 481 1447 proeliis.
524 1368 633 1428 Priore
648 1369 805 1428 Antonius
821 1368 941 1444 fugisse
960 1387 1032 1427 eum
1051 1368 1160 1428 scribit
1177 1387 1213 1427 ao
1223 1384 1251 1430 10

211 1475 275 1534 sine
290 1473 516 1552 paludamento
530 1492 671 1550 equoque
691 1478 763 1550 post
784 1473 914 1532 biduum
936 1473 1062 1532 demum
1082 1492 1214 1551 apparu-

211 1580 280 1654 isse,
302 1577 449 1655 sequenti
470 1577 548 1638 satis
571 1583 694 1637 constat
722 1597 786 1636 non
807 1578 899 1636 modo
920 1577 1019 1653 ducis,
1041 1578 1213 1638 sedetiam

211 1683 320 1743 militis
349 1683 496 1743 functum
524 1702 652 1742 munere
679 1689 775 1760 atque
803 1683 837 1740 in
865 1683 968 1741 media
1002 1682 1212 1758 dimicatione,

211 1789 378 1866 aquilifero
399 1788 532 1864 legionis
554 1807 627 1848 suae
646 1788 785 1864 graviter
805 1788 919 1862 saucio,
939 1787 1078 1864 aquilam
1096 1788 1213 1847 umeris

212 1894 331 1954 subisse
346 1893 463 1970 diuque
477 1899 628 1972 portasse.
1224 1908 1252 1956 15

152 1999 190 2055 11
249 2001 320 2059 Hoc
340 1999 424 2058 bello
453 2018 523 2058 cum
544 1999 671 2058 Hirtius
694 1999 727 2057 in
747 1999 823 2073 acie,
843 2000 947 2058 Pansa
968 1999 1061 2076 paulo
1082 2004 1156 2077 post
1176 2018 1215 2058 ex

211 2105 339 2165 vulnere
367 2103 533 2182 perissent,
558 2124 664 2162 rumor
691 2103 863 2163 increbruit
890 2104 997 2163 ambos
1026 2124 1121 2182 opera
1148 2105 1214 2164 eius

212 2210 337 2285 occisos,
352 2215 389 2268 ut
404 2209 542 2269 Antonio
553 2209 673 2285 fugato,
689 2229 722 2269 re
744 2230 774 2287 p.
795 2209 973 2268 consulibus
992 2210 1110 2284 orbata,
1131 2209 1215 2268 solus

211 2316 345 2376 victores
368 2315 524 2374 exercitus
550 2320 724 2391 occuparet.
766 2315 888 2373 Pansae
912 2315 1040 2390 quidem
1064 2315 1141 2374 adeo
1169 2334 1216 2374 su-

212 2426 318 2499 specta
338 2438 421 2478 mors
441 2419 506 2478 fuit
525 2425 561 2479 ut
581 2419 682 2496 Glyco
702 2419 841 2478 medicus
865 2419 1040 2478 custoditus
1064 2420 1106 2478 sit
1126 2421 1255 2496 quasia)
1311 2421 1314 2429 ’

211 2544 366 2586 venenum
385 2523 510 2584 vulneri
531 2523 706 2583 indidisset.
750 2523 858 2582 Adicit
876 2523 926 2582 his
948 2523 1095 2600 Aquilius
1117 2526 1217 2601 Niger

211 2631 376 2691 alterume
392 2628 571 2689 consulibus
586 2629 731 2688 Hirtium
748 2629 781 2686 in
796 2648 919 2706 pugnae
937 2629 1076 2688 tumultu
1092 2629 1216 2707 abipso

210 2735 445 2812 interemptum.

160 2850 190 2900 12
253 2842 313 2901 Sed
337 2844 375 2899 ut
396 2840 543 2916 cognovit
563 2840 739 2900 Antonium
760 2845 832 2917 post
860 2840 968 2916 fugam
988 2859 1008 2899 a
1028 2841 1072 2898 M.
1097 2841 1217 2918 Lepido

213 2951 373 3024 receptum
395 2950 576 3021 ceterosque
604 2945 698 3003 duces
724 2950 756 3004 et
780 2945 934 3004 exercitus
961 2946 1136 3005 consentire
1161 2962 1256 3023 prom

214 3051 366 3129 partibus,
378 3067 504 3109 causam
515 3049 717 3126 optimatium
729 3049 796 3108 sine
808 3049 1005 3108 cunctatione
1020 3050 1168 3126 deseruit,
1177 3050 1217 3110 ad

214 3161 412 3234 praetextum
427 3160 567 3214 mutatae
581 3154 754 3213 voluntatis
769 3155 855 3213 dicta
866 3154 1012 3230 factaque
1022 3156 1217 3232 quorundam

214 3261 422 3322 calumniatus
443 3259 534 3337 quasi
556 3259 611 3320 alii
630 3279 662 3318 se
682 3279 822 3338 puerum,
838 3259 893 3318 alii
914 3261 1089 3319 ornandum
1109 3261 1218 3321 tollen-

213 3367 350 3444 dumque
371 3367 542 3426 iactassent
562 3385 601 3424 ne
622 3370 678 3425 aut
700 3365 760 3424 sibi
781 3371 837 3424 aut
858 3366 1015 3424 veteranis
1039 3385 1096 3443 par
1116 3366 1218 3442 gratia

215 3472 393 3532 referretur.
444 3473 487 3530 Et
515 3491 577 3548 quo
599 3471 698 3546 magis
724 3470 951 3547 paenitentiam
973 3471 1086 3548 prioris
1115 3477 1256 3532 sectaeao

215 3577 413 3656 approbaret,
433 3576 600 3650 Nursinos,
622 3575 734 3650 grandi
760 3576 892 3651 pecunia
914 3580 946 3635 et
967 3595 1062 3652 quam
1083 3577 1218 3653 pendere

214 3682 382 3760 nequirent
396 3681 556 3756 multatos,
571 3686 711 3740 extorres
727 3680 843 3757 oppido
863 3680 929 3756 egit
943 3681 1026 3757 quod
1043 3681 1219 3742 Mutinensi
