2678 4140
464 251 576 303 usna
600 251 622 302 1.
658 250 772 303 nrvcs
795 251 918 304 marus
1154 241 1195 305 33

195 422 359 499 Scitote,
382 423 496 502 inquit,
518 425 784 505 paucissimis
808 424 870 484 his
895 423 1039 485 diebus
1062 444 1195 502 regem

194 528 431 589 adfuturum
454 549 538 590 cum
568 532 704 591 decem
733 530 981 607 legionibus,
1012 530 1195 608 equitum

194 634 380 711 triginta,
418 635 528 696 levis
558 641 791 696 armaturae
824 642 984 694 centum
1016 635 1193 713 milibus,

194 740 664 818 elephantistrecentis.
707 741 1195 820 Proindedesinantqui-

193 846 278 906 dam
294 847 620 925 quaerereultra
636 853 706 908 aut
730 847 893 925 opinari
915 847 1105 925 mihique,
1126 848 1218 925 quic

193 958 442 1030 compertum
457 951 593 1028 habeo,
612 953 800 1028 credant3
821 958 890 1013 aut
911 952 1073 1031 quidem
1089 958 1196 1012 vetu-

193 1057 379 1118 stissima
409 1077 509 1118 nave
540 1058 759 1138 impositos
795 1077 1043 1136 quocumque
1074 1064 1195 1118 vento

192 1162 231 1222 in
252 1182 527 1241 quascumque
548 1169 680 1224 terras
703 1163 849 1224 iubebo
869 1163 996 1224 avehi.

110 1266 171 1321 67
229 1268 356 1329 Delicta
387 1288 489 1347 neque
522 1261 710 1329 observabat
741 1269 846 1329 omnia
875 1288 977 1346 neque
1013 1289 1071 1346 pro
1104 1269 1195 1328 modo

192 1374 412 1461 exequebatur,
449 1376 504 1435 sed
540 1376 738 1434 desertorum
771 1394 808 1434 ac
837 1374 1058 1434 seditiosorum
1086 1381 1118 1433 et
1152 1373 1197 1432 in·
1206 1392 1234 1436 10
1281 1418 1297 1437 ,ι

192 1458 325 1557 quisitor
342 1485 375 1539 et
395 1480 525 1557 punitor
552 1479 722 1540 acerrimus
744 1479 909 1539 conivebat
929 1479 963 1538 in
985 1479 1105 1539 ceteris.
1148 1478 1196 1538 Ac

191 1604 426 1662 nonnumquam
457 1591 531 1663 post
561 1604 707 1661 magnam
737 1604 875 1662 pugnam
904 1589 1000 1661 atque
1030 1584 1196 1644 victoriam

191 1691 322 1750 remisso
356 1690 529 1750 officiorum
563 1710 691 1750 munere
726 1690 886 1751 licentiam
923 1709 1047 1750 omnem
1077 1690 1197 1767 passim

191 1795 377 1856 lasciviendi
401 1796 617 1873 permittebat,
641 1797 758 1856 iactare
783 1796 895 1855 solitus
920 1795 1080 1855 milites
1104 1813 1196 1854 suos

170 1901 313 1962 retiam
330 1907 616 1978 unguentatos
638 1901 739 1961 bene
755 1920 937 1978 pugnare
958 1919 1086 1978 posse.
1129 1901 1235 1962 Necrs

192 2007 309 2066 milites
335 2026 387 2066 eos
408 2026 466 2084 pro
489 2007 642 2082 contione,
665 2007 720 2066 sed
741 2006 904 2066 blandiore
924 2006 1051 2065 nomine
1073 2005 1197 2065 commi-

192 2112 306 2172 litones
327 2111 511 2190 appellabat
531 2112 729 2188 habebatque
751 2117 817 2171 tam
836 2112 937 2171 cultos
956 2117 993 2170 ut
1012 2116 1142 2186 argento
1164 2116 1196 2170 et

192 2236 266 2277 auro
288 2217 398 2296 politis
419 2217 516 2278 armis
538 2223 673 2292 ornaret,
696 2216 790 2276 simul
812 2222 844 2276 ct
861 2218 901 2276 ad
923 2217 1060 2294 speciem
1081 2221 1114 2276 et
1134 2236 1196 2293 quo

193 2322 365 2384 tenaciores
380 2342 487 2383 eorum
502 2323 536 2381 in
553 2322 672 2401 proelio
691 2327 798 2381 essent
816 2328 903 2382 metu
920 2321 1036 2381 damni.
1079 2321 1197 2397 Dilige·
1272 2340 1289 2357 ²

192 2428 246 2488 bat
259 2446 384 2506 quoque
397 2447 498 2506 usque
511 2428 589 2487 adeo
603 2433 639 2486 ut
652 2427 762 2486 audita
777 2426 865 2486 clade
885 2426 1051 2487 Tituriana
1066 2425 1196 2485 barbam
1205 2443 1236 2487 20

193 2533 405 2612 capillumque
445 2533 640 2593 summiserit
679 2551 736 2591 nec
773 2537 847 2592 ante
887 2531 1062 2608 dempserit
1101 2550 1197 2607 quam

192 2638 393 2698 vindicasset.

139 2752 172 2802 68
232 2743 351 2815 Quibus
374 2743 466 2805 rebus
488 2751 521 2805 et
540 2744 762 2804 devotissimos
784 2742 845 2803 sibi
867 2749 899 2802 et
918 2742 1109 2803 fortissimos
1131 2742 1198 2802 red·

192 2849 282 2909 didit.
339 2851 487 2925 Ingresso
523 2849 616 2909 civile
654 2849 773 2909 bellum
809 2847 1006 2908 centuriones
1047 2847 1197 2924 cuiusque

192 2954 324 3031 legionis
346 2954 487 3030 singulos
510 2954 632 3032 equites
655 2974 672 3014 e
695 2954 811 3014 viatico
833 2972 889 3012 suo
917 2953 1110 3030 optulerunt,
1132 2953 1237 3015 uni-25

192 3060 275 3121 versi
304 3060 422 3120 milites
444 3060 616 3136 gratuitam
638 3066 670 3120 et
698 3060 766 3119 sine
787 3059 948 3118 frumento
977 3058 1197 3136 stipendioque

192 3185 328 3245 operam,
344 3185 416 3225 cum
436 3166 615 3225 tenuiorum
630 3165 763 3225 tutelam
784 3164 1006 3241 locupletiores
1022 3165 1055 3223 in
1076 3183 1109 3224 se
1131 3183 1199 3224 con-

193 3271 350 3332 tulissent.
413 3272 524 3348 Neque
553 3271 586 3329 in
613 3276 679 3331 tam
714 3270 864 3330 diuturno
900 3269 1003 3347 spatio
1031 3268 1198 3347 quisquam

193 3376 319 3436 omnino
354 3376 497 3451 descivit,
529 3376 671 3455 plerique
706 3376 792 3454 capti
826 3394 1003 3435 concessam
1045 3374 1105 3434 sibi
1141 3374 1199 3434 sub

194 3482 375 3542 condicione
408 3482 508 3542 vitam
543 3481 571 3541 si
609 3482 746 3542 militare
783 3481 934 3541 adversus
973 3500 1045 3540 eum
1079 3480 1238 3540 vellent30

171 3593 387 3649 arecusarunt.
429 3589 558 3648 Famem
587 3594 619 3647 et
647 3592 767 3647 ceteras
794 3587 1008 3661 necessitates,
1036 3605 1100 3645 non
1128 3605 1198 3645 cum

194 3693 413 3754 obsiderentur
434 3693 526 3752 modo
548 3693 602 3754 sed
617 3698 650 3752 et
672 3692 699 3751 si
720 3691 783 3770 ipsi
803 3692 882 3751 alios
903 3691 1094 3766 obsiderent,
1109 3696 1198 3751 tanto
