2678 4140
382 593 422 666 (l.
459 590 676 666 SUETONI
712 588 1047 674 TRANQUILLI·

363 823 444 903 ΒΕ
485 822 639 903 VITA
680 820 1033 904 CAUSARUM

591 1060 733 1124 LIBER
764 1060 810 1125 II.

473 1245 627 1320 DIVUS
662 1243 927 1319 AUGUSTUS

239 1445 373 1503 Gentem
402 1442 565 1502 Octaviam
598 1442 731 1502 Velitris
764 1441 966 1536 praecipuam
994 1440 1071 1499 olim
1103 1439 1203 1500 irrisae
1229 1443 1244 1491 1

102 1590 105 1595 -
198 1549 299 1609 multa
320 1547 490 1607 declarant.
535 1548 618 1606 Nam
640 1553 672 1607 et
693 1507 781 1605 vidire
810 1545 1012 1605 celeberrima
1033 1551 1124 1622 parte
1152 1564 1204 1622 op

198 1655 266 1732 pidi
280 1654 343 1712 iam
358 1653 481 1730 pridem
499 1652 648 1712 Octavius
668 1651 837 1711 vocabatur
855 1655 888 1710 et
906 1649 1131 1731 ostendebatur
1148 1669 1204 1710 ara

200 1759 330 1820 Octavio
359 1763 538 1817 consecrata
565 1757 620 1833 qni
647 1757 729 1815 bello
757 1757 822 1814 dux
848 1732 994 1830 finitimo}
1023 1774 1094 1814 cum
1118 1755 1202 1814 forte

174 1863 296 1923 tMarti
317 1881 386 1941 rem¹
404 1862 544 1925 divinam
562 1861 693 1949 iaceret,
716 1861 862 1920 nuntiata
883 1865 1017 1943 repente„
1036 1859 1137 1919 hostis
1159 1860 1203 1918 in-

199 1968 341 2028 cursione
362 1967 537 2027 semicruda
558 1948 633 2025 etita
653 1971 745 2043 rapta
765 1966 836 2024 foco
858 1934 1017 2050 prds'ednit
1039 1970 1135 2041 atque
1157 1965 1203 2024 ita

198 2072 353 2150 proelium
367 2073 526 2148 ingressus
542 2072 643 2130 victer
665 2071 755 2131 redit.
798 2071 968 2130 Decretum
987 2069 1083 2128 etiam
1103 2069 1203 2146 publi-

199 2197 270 2238 cum
283 2177 411 2237 extabat
425 2196 487 2253 quc
502 2177 669 2244 cavebatur
684 2181 720 2234 ut
738 2176 948 2252 inposterum
964 2194 1088 2251 quoque
1104 2175 1202 2234 simili

199 2283 290 2343 modo
310 2287 384 2342 exta
404 2282 503 2341 Marti
525 2281 729 2340 redderentur
757 2281 971 2357 reliquiaeque
991 2279 1031 2339 ad
1054 2280 1201 2340 Octavios

160 2403 189 2449 10
199 2389 399 2449 referrentur.

238 2495 285 2554 Ea
299 2511 407 2569 gensa
429 2492 599 2569 Tarquinio
620 2492 729 2551 Prisco
751 2511 822 2568 rege
838 2492 920 2551 inter
941 2491 1076 2553 minores
1098 2491 1201 2567 gentis
1224 2495 1241 2546 2

198 2600 321 2659 adlecta
335 2598 368 2657 in
384 2603 536 2672 senatum,
552 2617 624 2656 mox
643 2616 662 2656 a
684 2597 792 2656 Servio
808 2597 912 2655 Tullio
930 2597 963 2654 in
978 2596 1127 2674 patricias
1142 2601 1203 2656 tra-

199 2705 302 2779 ducta,
314 2703 500 2781 procedente
512 2707 652 2780 tempore
667 2703 707 2762 ad
719 2703 843 2780 plebem
858 2722 891 2762 se
903 2703 1037 2762 contulit
1047 2721 1083 2761 ac
1093 2719 1200 2760 rursus

199 2828 311 2885 magno
325 2808 493 2868 intervallo
507 2827 564 2884 per
578 2809 696 2866 Divum
711 2809 831 2866 lulium
846 2809 879 2866 in
891 2808 1094 2886 patriciatum
1109 2805 1200 2866 redit.

161 2928 189 2972 15
199 2915 324 2974 Primus
349 2933 387 2973 ex
416 2914 473 2972 hac
503 2915 722 2990 magistratum
747 2915 857 2991 populi
881 2914 1031 2990 suffragio
1056 2912 1141 2990 cepit
1167 2912 1200 2971 (l.

199 3019 313 3079 Rufus.
356 3020 388 3077 Is
414 3021 611 3096 quaestorius
637 3020 692 3079 Cn.
718 3025 750 3079 et
775 3021 808 3079 C.
834 3019 1020 3097 procreavit,
1044 3037 1064 3077 a
1087 3017 1224 3094 quibust

199 3125 316 3202 duplex
339 3124 541 3184 Octaviorum
562 3125 684 3185 familia
708 3125 840 3185 defluxit
866 3125 1046 3184 condicione
1067 3123 1202 3197 diversa,

200 3229 355 3307 siquidem
371 3231 497 3290 Gnaeus
515 3237 547 3291 et
563 3231 711 3308 deinceps
732 3232 772 3290 ab
792 3249 827 3289 eo
846 3230 960 3307 reliqui
978 3247 1085 3290 omnes
1100 3225 1203 3312 fupcti

200 3340 274 3394 sunt
287 3336 457 3396 honoribus
473 3336 603 3394 summis
615 3359 622 3410 3
643 3342 677 3395 at
686 3337 719 3396 d.
730 3337 859 3413 eiusque
870 3335 997 3414 posteri,
1010 3354 1064 3394 seu
1075 3334 1204 3393 fortuna

162 3455 256 3501 nosen
276 3441 449 3516 voluntate,
465 3441 498 3498 in
520 3441 658 3518 equestri
680 3442 789 3500 ordine
811 3441 1021 3500 constiterunt
1042 3457 1141 3516 usque
1162 3437 1203 3498 ad

201 3546 338 3622 Augusti
352 3551 483 3623 patrem.
526 3546 666 3604 Proavus
685 3546 822 3622 Augusti
837 3547 972 3605 seeundo
986 3545 1106 3605 Punico
1119 3543 1203 3604 bello

684 3652 716 3700 46
