2678 4146
473 240 584 290 uuaae
607 241 628 290 1.
666 241 779 291 mvus
802 241 925 292 ruerus
1182 231 1200 294 l

206 417 331 491 togaque
346 412 470 473 obiecta
488 413 692 490 protexerint.
736 413 824 472 Tune
841 413 934 491 plane
951 414 1121 474 deterritus
1138 433 1201 475 non

204 519 288 578 modo
319 517 425 593 cessit,
455 518 509 577 sed
538 523 570 577 et
603 517 637 576 in
664 517 820 595 reliquum
854 518 929 578 anni
961 524 1086 597 tempus
1115 520 1201 580 curia

201 623 358 684 abstinuit.

87 723 183 782 15
236 729 344 789 Primo
366 734 532 807 praeturae
552 731 604 789 die
625 731 778 800 Quintum
800 730 947 790 Catulum
968 731 1007 790 de
1029 731 1200 791 reiectione

202 834 335 912 Capitoli
368 836 409 895 ad
442 835 696 912 disquisitionem
730 835 841 913 populi
875 835 1009 910 vocavit,
1039 837 1223 912 rogationes

201 941 395 1017 promulgata
415 960 477 1018 qua
498 940 690 1000 curationem
709 959 778 1000 eam
797 940 830 999 in
849 940 947 1001 alium
971 942 1199 1018 transferebat;

200 1065 304 1106 verum
321 1047 425 1124 impar
444 1046 646 1124 optimatium
665 1047 899 1123 conspirationi,
919 1065 996 1123 quos
1015 1046 1124 1106 relicto
1140 1054 1200 1107 sta

201 1153 254 1210 tim
273 1170 426 1212 uovorum
451 1151 614 1211 consulum
635 1151 735 1210 officio
758 1152 939 1229 frequentes
963 1151 1199 1230 obstinatosque

200 1258 235 1316 ad
265 1258 477 1317 resistendum
509 1256 740 1316 concucurrisse
772 1257 927 1331 cernebat,
963 1256 1043 1316 hanc
1072 1257 1199 1334 quidem

200 1363 349 1422 actionem
365 1363 520 1440 deposuit.
1209 1385 1238 1430 10

149 1473 183 1525 le
234 1469 383 1528 Ceterum
408 1468 544 1528 Caecilio
568 1468 699 1528 Metello
724 1468 974 1546 tribunoplebis
998 1468 1199 1528 turbulentis

198 1574 288 1633 simas
311 1573 397 1649 leges
418 1573 568 1633 adversus
593 1574 782 1650 collegarum
804 1574 1061 1633 intercessionem
1082 1573 1198 1647 ferenti

196 1686 353 1739 auctorem
368 1685 694 1756 propugnatoremque
712 1698 745 1738 se
762 1679 1013 1756 pertinacissime
1026 1679 1197 1756 praestitit,

194 1760 291 1844 donec
305 1784 399 1843 ambo
412 1784 685 1844 administratione
706 1785 751 1844 rei
768 1785 912 1862 publicae
929 1785 1054 1844 decreto
1071 1789 1198 1862 patrum

194 1890 463 1949 submoverentur.
520 1889 566 1949 Ac
589 1889 690 1948 nihilo
713 1890 816 1949 minus
840 1908 1022 1967 permanere
1046 1889 1080 1948 in
1104 1889 1236 1966 magi-15

195 2000 297 2054 stratu
315 2000 348 2054 et
365 1994 414 2052 ius
432 1993 535 2054 dicere
551 2014 656 2070 ausus,
671 2000 708 2053 ut
723 1995 876 2071 comperit
890 1999 1016 2071 paratos
1036 1994 1091 2071 qui
1109 1993 1142 2053 vi
1160 2012 1197 2054 ac

194 2118 248 2176 per
278 2118 369 2159 arma
402 2099 613 2176 prohiberent,
645 2099 784 2158 dimissis
818 2098 980 2158 lictoribus
1013 2099 1196 2176 abiectaque

194 2209 359 2282 praetexta
376 2204 504 2263 domum
519 2205 598 2264 clam
614 2205 733 2281 refugit
750 2223 807 2282 pro
822 2204 1001 2264 condicione
1019 2210 1196 2282 temporum

154 2310 367 2386 2quieturus.
414 2309 654 2369 Multitudinem
675 2330 798 2388 quoque
820 2310 915 2369 biduo
936 2315 1009 2387 post
1030 2316 1141 2388 sponte
1164 2315 1197 2369 et

194 2415 276 2475 ultro
292 2415 501 2475 confluentem
520 2435 708 2494 operamque
726 2416 786 2475 sibi
804 2416 838 2474 in
851 2416 1024 2476 adserenda
1041 2415 1236 2492 dignitatem

194 2520 418 2580 tumultuosius
433 2520 634 2598 pollicentem
650 2521 839 2598 conpescuit.
882 2521 971 2591 Quod
986 2540 1057 2580 cum
1071 2526 1197 2598 praeter
1289 2534 1294 2541 '

195 2625 373 2703 opinionem
384 2617 549 2701 euenisset,
562 2633 689 2686 senatus
704 2626 891 2685 obeundam
907 2632 1029 2685 coetum
1044 2626 1195 2685 festinato

195 2736 318 2792 coactus
343 2730 460 2807 gratias
485 2731 515 2790 ei
538 2751 595 2808 per
619 2732 771 2809 primores
797 2731 880 2789 viros
909 2731 975 2807 egit
998 2731 1195 2808 accitumque

195 2835 226 2895 in
240 2837 360 2897 curiam
371 2841 410 2904 et!
417 2836 622 2914 amplissimis
633 2837 738 2896 verbis
754 2836 976 2896 conlaudatum
990 2836 1023 2894 in
1037 2836 1195 2912 integrum

195 2941 335 3002 restituit
349 2923 478 3001 inducto
492 2941 595 3019 priore
609 2942 744 3002 decretu.
1204 2960 1233 3005 25

109 3035 172 3101 17
233 3047 362 3107 Recidit
389 3066 496 3106 rursus
525 3047 559 3106 in
586 3047 756 3107 discrimen
784 3048 870 3108 aliud
901 3048 985 3108 inter
1013 3047 1112 3107 socios
1141 3047 1196 3107 Ca-

195 3152 302 3214 tilinae
324 3153 503 3214 nominatus
521 3159 554 3213 et
572 3154 657 3231 apud
677 3154 817 3213 Novium
839 3154 975 3230 Nigrum
996 3159 1195 3231 quaestorem

194 3277 212 3318 a
231 3258 329 3318 Lucio
350 3258 460 3318 Vettio
481 3258 583 3319 indice
605 3265 637 3319 et
658 3259 692 3317 in
707 3265 818 3319 senatu
838 3280 857 3319 a
877 3259 994 3330 Quinto
1016 3259 1119 3334 Curio,
1135 3259 1194 3333 cui,

195 3365 275 3441 quod
297 3363 419 3442 primus
435 3363 565 3424 consilia
580 3365 812 3425 coniuratorum
834 3366 1007 3440 detexerat,
1023 3364 1195 3425 constituta

195 3475 282 3530 erant
303 3469 429 3548 publice
450 3469 597 3547 praemia.
640 3470 753 3531 Curius
768 3490 785 3529 e
800 3470 937 3530 Catilina
959 3490 991 3530 se
1013 3469 1234 3546 cognovissem

195 3575 326 3648 dicebat,
348 3574 475 3634 Vettius
497 3576 593 3635 etiam
615 3576 858 3652 chirographum
879 3577 946 3634 eius
968 3576 1124 3635 Catilinae
1144 3575 1196 3633 da

174 3684 262 3740 atum
282 3679 499 3758 pollicebatur.
542 3681 580 3739 Id
603 3700 678 3740 vero
699 3682 813 3741 Caesar
840 3681 1041 3741 nullomodo
1063 3679 1196 3749 toleran-
