<?xml version="1.0" encoding="UTF-8"?>
<!DOCTYPE html PUBLIC "-//W3C//DTD XHTML 1.0 Transitional//EN"
    "http://www.w3.org/TR/xhtml1/DTD/xhtml1-transitional.dtd">
<html xmlns="http://www.w3.org/1999/xhtml" xml:lang="en" lang="en">
 <head>
  <title>
</title>
<meta http-equiv="Content-Type" content="text/html;charset=utf-8" />
  <meta name='ocr-system' content='tesseract 3.04.00' />
  <meta name='ocr-capabilities' content='ocr_page ocr_carea ocr_par ocr_line ocrx_word'/>
</head>
<body>
  <div class='ocr_page' id='page_1' title='image "./gaisuetonitranq01suetgoog_0147.png"; bbox 0 0 2678 4140; ppageno 0'>
   <div class='ocr_carea' id='block_1_1' title="bbox 190 232 1147 305">
    <p class='ocr_par' dir='ltr' id='par_1_1' title="bbox 190 232 1147 305">
     <span class='ocr_line' id='line_1_1' title="bbox 190 232 1147 305; baseline -0.004 -8"><span class='ocrx_word' id='word_1_1' title='bbox 190 232 231 298; x_wconf 81' lang='lat'><strong>78</strong></span> <span class='ocrx_word' id='word_1_2' title='bbox 272 243 303 296; x_wconf 89' lang='lat' dir='ltr'><strong>c.</strong></span> <span class='ocrx_word' id='word_1_3' title='bbox 328 243 484 296; x_wconf 84' lang='lat' dir='ltr'><strong>sunroru</strong></span> <span class='ocrx_word' id='word_1_4' title='bbox 507 243 735 305; x_wconf 77' lang='lat' dir='ltr'><strong>rasuomnm</strong></span> <span class='ocrx_word' id='word_1_5' title='bbox 757 244 806 293; x_wconf 83' lang='lat' dir='ltr'><strong>os</strong></span> <span class='ocrx_word' id='word_1_6' title='bbox 830 243 921 294; x_wconf 78' lang='lat' dir='ltr'><strong>vira</strong></span> <span class='ocrx_word' id='word_1_7' title='bbox 943 242 1147 295; x_wconf 74' lang='lat' dir='ltr'><strong>cassanum</strong></span> 
     </span>
    </p>
   </div>
   <div class='ocr_carea' id='block_1_2' title="bbox 151 416 1256 3654">
    <p class='ocr_par' dir='ltr' id='par_1_2' title="bbox 151 416 1256 3654">
     <span class='ocr_line' id='line_1_2' title="bbox 189 416 1194 496; baseline 0 -19"><span class='ocrx_word' id='word_1_8' title='bbox 189 417 340 496; x_wconf 80' lang='lat' dir='ltr'><strong>repressit</strong></span> <span class='ocrx_word' id='word_1_9' title='bbox 360 423 393 478; x_wconf 91' lang='lat' dir='ltr'><strong>et</strong></span> <span class='ocrx_word' id='word_1_10' title='bbox 414 417 593 495; x_wconf 81' lang='lat' dir='ltr'><strong>insequenti</strong></span> <span class='ocrx_word' id='word_1_11' title='bbox 612 417 663 477; x_wconf 92' lang='lat' dir='ltr'><strong>die</strong></span> <span class='ocrx_word' id='word_1_12' title='bbox 684 417 869 493; x_wconf 88' lang='lat' dir='ltr'><strong>gravissimo</strong></span> <span class='ocrx_word' id='word_1_13' title='bbox 893 416 1045 494; x_wconf 87' lang='lat' dir='ltr'><strong>corripuit</strong></span> <span class='ocrx_word' id='word_1_14' title='bbox 1069 417 1194 492; x_wconf 81' lang='lat' dir='ltr'><strong>edict03</strong></span> 
     </span>
     <span class='ocr_line' id='line_1_3' title="bbox 189 522 1194 600; baseline 0.001 -19"><span class='ocrx_word' id='word_1_15' title='bbox 189 523 411 600; x_wconf 91' lang='lat' dir='ltr'><strong>dominumque</strong></span> <span class='ocrx_word' id='word_1_16' title='bbox 436 542 468 582; x_wconf 87' lang='lat' dir='ltr'><strong>se</strong></span> <span class='ocrx_word' id='word_1_17' title='bbox 493 523 624 600; x_wconf 87' lang='lat' dir='ltr'><strong>posthac</strong></span> <span class='ocrx_word' id='word_1_18' title='bbox 647 523 801 600; x_wconf 88' lang='lat' dir='ltr'><strong>appellari</strong></span> <span class='ocrx_word' id='word_1_19' title='bbox 825 542 864 582; x_wconf 92' lang='lat' dir='ltr'><strong>ne</strong></span> <span class='ocrx_word' id='word_1_20' title='bbox 888 542 907 582; x_wconf 90' lang='lat' dir='ltr'><strong>a</strong></span> <span class='ocrx_word' id='word_1_21' title='bbox 930 522 1038 582; x_wconf 87' lang='lat' dir='ltr'><strong>liberis</strong></span> <span class='ocrx_word' id='word_1_22' title='bbox 1062 523 1194 600; x_wconf 91' lang='lat' dir='ltr'><strong>quidem</strong></span> 
     </span>
     <span class='ocr_line' id='line_1_4' title="bbox 189 627 1194 707; baseline 0.002 -19"><span class='ocrx_word' id='word_1_23' title='bbox 189 633 244 688; x_wconf 90' lang='lat' dir='ltr'><strong>aut</strong></span> <span class='ocrx_word' id='word_1_24' title='bbox 265 628 431 705; x_wconf 83' lang='lat' dir='ltr'><strong>nepotibus</strong></span> <span class='ocrx_word' id='word_1_25' title='bbox 454 629 518 688; x_wconf 91' lang='lat' dir='ltr'><strong>suis</strong></span> <span class='ocrx_word' id='word_1_26' title='bbox 540 629 590 687; x_wconf 87' lang='lat' dir='ltr'><strong>vel</strong></span> <span class='ocrx_word' id='word_1_27' title='bbox 612 627 693 688; x_wconf 88' lang='lat' dir='ltr'><strong>serio</strong></span> <span class='ocrx_word' id='word_1_28' title='bbox 707 629 757 688; x_wconf 87' lang='lat' dir='ltr'><strong>vel</strong></span> <span class='ocrx_word' id='word_1_29' title='bbox 785 629 852 687; x_wconf 92' lang='lat' dir='ltr'><strong>ioco</strong></span> <span class='ocrx_word' id='word_1_30' title='bbox 879 647 990 707; x_wconf 90' lang='lat' dir='ltr'><strong>passus</strong></span> <span class='ocrx_word' id='word_1_31' title='bbox 1019 635 1068 688; x_wconf 91' lang='lat' dir='ltr'><strong>est</strong></span> <span class='ocrx_word' id='word_1_32' title='bbox 1096 635 1194 707; x_wconf 88' lang='lat' dir='ltr'><strong>atque</strong></span> 
     </span>
     <span class='ocr_line' id='line_1_5' title="bbox 190 735 1219 815; baseline -0.001 -20"><span class='ocrx_word' id='word_1_33' title='bbox 190 735 256 795; x_wconf 91' lang='lat' dir='ltr'><strong>eius</strong></span> <span class='ocrx_word' id='word_1_34' title='bbox 278 736 363 795; x_wconf 88' lang='lat' dir='ltr'><strong>modi</strong></span> <span class='ocrx_word' id='word_1_35' title='bbox 383 735 554 796; x_wconf 79' lang='lat' dir='ltr'><strong>blanditias</strong></span> <span class='ocrx_word' id='word_1_36' title='bbox 576 736 672 796; x_wconf 90' lang='lat' dir='ltr'><strong>etiam</strong></span> <span class='ocrx_word' id='word_1_37' title='bbox 693 735 777 795; x_wconf 89' lang='lat' dir='ltr'><strong>inter</strong></span> <span class='ocrx_word' id='word_1_38' title='bbox 798 736 883 814; x_wconf 88' lang='lat' dir='ltr'><strong>ipsos</strong></span> <span class='ocrx_word' id='word_1_39' title='bbox 905 736 1075 815; x_wconf 88' lang='lat' dir='ltr'><strong>prohibuit.</strong></span> <span class='ocrx_word' id='word_1_40' title='bbox 1118 739 1219 797; x_wconf 78' lang='lat' dir='ltr'><strong>Nona</strong></span> 
     </span>
     <span class='ocr_line' id='line_1_6' title="bbox 166 840 1196 920; baseline 0.001 -20"><span class='ocrx_word' id='word_1_41' title='bbox 166 846 307 901; x_wconf 73' lang='lat' dir='ltr'><strong>atemere</strong></span> <span class='ocrx_word' id='word_1_42' title='bbox 334 840 410 900; x_wconf 91' lang='lat' dir='ltr'><strong>urbe</strong></span> <span class='ocrx_word' id='word_1_43' title='bbox 438 841 594 918; x_wconf 84' lang='lat' dir='ltr'><strong>oppidove</strong></span> <span class='ocrx_word' id='word_1_44' title='bbox 621 842 688 900; x_wconf 91' lang='lat' dir='ltr'><strong>ullo</strong></span> <span class='ocrx_word' id='word_1_45' title='bbox 716 860 858 918; x_wconf 87' lang='lat' dir='ltr'><strong>egressus</strong></span> <span class='ocrx_word' id='word_1_46' title='bbox 883 848 940 902; x_wconf 89' lang='lat' dir='ltr'><strong>aut</strong></span> <span class='ocrx_word' id='word_1_47' title='bbox 965 861 1124 920; x_wconf 91' lang='lat' dir='ltr'><strong>quoquam</strong></span> <span class='ocrx_word' id='word_1_48' title='bbox 1148 842 1196 901; x_wconf 89' lang='lat' dir='ltr'><strong>in-</strong></span> 
     </span>
     <span class='ocr_line' id='line_1_7' title="bbox 189 945 1196 1024; baseline 0.003 -19"><span class='ocrx_word' id='word_1_49' title='bbox 189 964 314 1023; x_wconf 89' lang='lat' dir='ltr'><strong>gressus</strong></span> <span class='ocrx_word' id='word_1_50' title='bbox 335 951 384 1005; x_wconf 90' lang='lat' dir='ltr'><strong>est</strong></span> <span class='ocrx_word' id='word_1_51' title='bbox 404 945 468 1005; x_wconf 92' lang='lat' dir='ltr'><strong>nisi</strong></span> <span class='ocrx_word' id='word_1_52' title='bbox 481 965 613 1023; x_wconf 89' lang='lat' dir='ltr'><strong>vespera</strong></span> <span class='ocrx_word' id='word_1_53' title='bbox 632 952 689 1006; x_wconf 90' lang='lat' dir='ltr'><strong>aut</strong></span> <span class='ocrx_word' id='word_1_54' title='bbox 709 952 813 1022; x_wconf 91' lang='lat' dir='ltr'><strong>noctu,</strong></span> <span class='ocrx_word' id='word_1_55' title='bbox 828 966 867 1007; x_wconf 89' lang='lat' dir='ltr'><strong>ne</strong></span> <span class='ocrx_word' id='word_1_56' title='bbox 882 966 974 1024; x_wconf 91' lang='lat' dir='ltr'><strong>quem</strong></span> <span class='ocrx_word' id='word_1_57' title='bbox 992 946 1085 1007; x_wconf 88' lang='lat' dir='ltr'><strong>officii</strong></span> <span class='ocrx_word' id='word_1_58' title='bbox 1100 967 1196 1008; x_wconf 87' lang='lat' dir='ltr'><strong>causa</strong></span> 
     </span>
     <span class='ocr_line' id='line_1_8' title="bbox 190 1051 1196 1129; baseline 0.002 -20"><span class='ocrx_word' id='word_1_59' title='bbox 190 1051 388 1128; x_wconf 89' lang='lat' dir='ltr'><strong>inquietaret.</strong></span> <span class='ocrx_word' id='word_1_60' title='bbox 424 1053 463 1110; x_wconf 94' lang='lat' dir='ltr'><strong>In</strong></span> <span class='ocrx_word' id='word_1_61' title='bbox 478 1052 642 1111; x_wconf 83' lang='lat' dir='ltr'><strong>consulatu</strong></span> <span class='ocrx_word' id='word_1_62' title='bbox 656 1051 788 1129; x_wconf 91' lang='lat' dir='ltr'><strong>pedibus</strong></span> <span class='ocrx_word' id='word_1_63' title='bbox 804 1053 880 1127; x_wconf 83' lang='lat' dir='ltr'><strong>fere,</strong></span> <span class='ocrx_word' id='word_1_64' title='bbox 892 1057 982 1113; x_wconf 85' lang='lat' dir='ltr'><strong>extra</strong></span> <span class='ocrx_word' id='word_1_65' title='bbox 996 1052 1196 1113; x_wconf 90' lang='lat' dir='ltr'><strong>consulatum</strong></span> 
     </span>
     <span class='ocr_line' id='line_1_9' title="bbox 191 1156 1195 1235; baseline 0.003 -20"><span class='ocrx_word' id='word_1_66' title='bbox 191 1175 284 1234; x_wconf 85' lang='lat' dir='ltr'><strong>saepe</strong></span> <span class='ocrx_word' id='word_1_67' title='bbox 304 1157 455 1235; x_wconf 90' lang='lat' dir='ltr'><strong>adoperta</strong></span> <span class='ocrx_word' id='word_1_68' title='bbox 476 1156 554 1217; x_wconf 88' lang='lat' dir='ltr'><strong>sella</strong></span> <span class='ocrx_word' id='word_1_69' title='bbox 567 1176 624 1234; x_wconf 89' lang='lat' dir='ltr'><strong>per</strong></span> <span class='ocrx_word' id='word_1_70' title='bbox 638 1157 799 1234; x_wconf 91' lang='lat' dir='ltr'><strong>publicum</strong></span> <span class='ocrx_word' id='word_1_71' title='bbox 820 1157 957 1217; x_wconf 88' lang='lat' dir='ltr'><strong>incessit.</strong></span> <span class='ocrx_word' id='word_1_72' title='bbox 999 1158 1195 1218; x_wconf 89' lang='lat' dir='ltr'><strong>Promiscuis</strong></span> 
     </span>
     <span class='ocr_line' id='line_1_10' title="bbox 191 1245 1198 1340; baseline 0.004 -20"><span class='ocrx_word' id='word_1_73' title='bbox 191 1245 431 1322; x_wconf 85' lang='lat' dir='ltr'><strong>salutationibus</strong></span> <span class='ocrx_word' id='word_1_74' title='bbox 453 1261 642 1322; x_wconf 82' lang='lat' dir='ltr'><strong>admittebat</strong></span> <span class='ocrx_word' id='word_1_75' title='bbox 655 1268 688 1322; x_wconf 91' lang='lat' dir='ltr'><strong>et</strong></span> <span class='ocrx_word' id='word_1_76' title='bbox 702 1263 835 1340; x_wconf 87' lang='lat' dir='ltr'><strong>plebem,</strong></span> <span class='ocrx_word' id='word_1_77' title='bbox 850 1268 939 1322; x_wconf 91' lang='lat' dir='ltr'><strong>tanta</strong></span> <span class='ocrx_word' id='word_1_78' title='bbox 961 1263 1108 1324; x_wconf 88' lang='lat' dir='ltr'><strong>comitate</strong></span> <span class='ocrx_word' id='word_1_79' title='bbox 1124 1264 1198 1324; x_wconf 87' lang='lat' dir='ltr'><strong>ade·</strong></span> 
     </span>
     <span class='ocr_line' id='line_1_11' title="bbox 152 1366 1198 1447; baseline 0.002 -21"><span class='ocrx_word' id='word_1_80' title='bbox 152 1381 182 1426; x_wconf 92' lang='lat'><strong>10</strong></span> <span class='ocrx_word' id='word_1_81' title='bbox 190 1366 315 1425; x_wconf 91' lang='lat' dir='ltr'><strong>untium</strong></span> <span class='ocrx_word' id='word_1_82' title='bbox 332 1366 487 1427; x_wconf 89' lang='lat' dir='ltr'><strong>desideria</strong></span> <span class='ocrx_word' id='word_1_83' title='bbox 507 1367 666 1446; x_wconf 88' lang='lat' dir='ltr'><strong>excipiens</strong></span> <span class='ocrx_word' id='word_1_84' title='bbox 688 1374 724 1427; x_wconf 90' lang='lat' dir='ltr'><strong>ut</strong></span> <span class='ocrx_word' id='word_1_85' title='bbox 745 1368 902 1444; x_wconf 87' lang='lat' dir='ltr'><strong>quendam</strong></span> <span class='ocrx_word' id='word_1_86' title='bbox 923 1368 991 1428; x_wconf 92' lang='lat' dir='ltr'><strong>ioco</strong></span> <span class='ocrx_word' id='word_1_87' title='bbox 1005 1368 1198 1447; x_wconf 88' lang='lat' dir='ltr'><strong>corripuerit</strong></span> 
     </span>
     <span class='ocr_line' id='line_1_12' title="bbox 191 1471 1198 1550; baseline 0.005 -21"><span class='ocrx_word' id='word_1_88' title='bbox 191 1472 274 1548; x_wconf 91' lang='lat' dir='ltr'><strong>quod</strong></span> <span class='ocrx_word' id='word_1_89' title='bbox 296 1472 340 1530; x_wconf 91' lang='lat' dir='ltr'><strong>sio</strong></span> <span class='ocrx_word' id='word_1_90' title='bbox 362 1471 422 1531; x_wconf 92' lang='lat' dir='ltr'><strong>sibi</strong></span> <span class='ocrx_word' id='word_1_91' title='bbox 443 1472 585 1533; x_wconf 91' lang='lat' dir='ltr'><strong>libellum</strong></span> <span class='ocrx_word' id='word_1_92' title='bbox 610 1473 769 1550; x_wconf 86' lang='lat' dir='ltr'><strong>porrigere</strong></span> <span class='ocrx_word' id='word_1_93' title='bbox 790 1472 959 1544; x_wconf 88' lang='lat' dir='ltr'><strong>dubitaret,</strong></span> <span class='ocrx_word' id='word_1_94' title='bbox 982 1473 1100 1550; x_wconf 88' lang='lat' dir='ltr'><strong>quasi</strong></span> <span class='ocrx_word' id='word_1_95' title='bbox 1122 1472 1198 1534; x_wconf 82' lang='lat' dir='ltr'><strong>ele</strong></span> 
     </span>
     <span class='ocr_line' id='line_1_13' title="bbox 191 1577 1223 1656; baseline 0.003 -21"><span class='ocrx_word' id='word_1_96' title='bbox 191 1577 345 1656; x_wconf 88' lang='lat' dir='ltr'><strong>phanto</strong></span> <span class='ocrx_word' id='word_1_97' title='bbox 373 1578 533 1656; x_wconf 90' lang='lat' dir='ltr'><strong>stipem.</strong></span> <span class='ocrx_word' id='word_1_98' title='bbox 575 1578 635 1637; x_wconf 90' lang='lat' dir='ltr'><strong>Die</strong></span> <span class='ocrx_word' id='word_1_99' title='bbox 651 1583 777 1637; x_wconf 90' lang='lat' dir='ltr'><strong>senatus</strong></span> <span class='ocrx_word' id='word_1_100' title='bbox 788 1597 960 1655; x_wconf 87' lang='lat' dir='ltr'><strong>numquam</strong></span> <span class='ocrx_word' id='word_1_101' title='bbox 971 1583 1077 1656; x_wconf 86' lang='lat' dir='ltr'><strong>patres</strong></span> <span class='ocrx_word' id='word_1_102' title='bbox 1088 1578 1223 1639; x_wconf 84' lang='lat' dir='ltr'><strong>nisiina</strong></span> 
     </span>
     <span class='ocr_line' id='line_1_14' title="bbox 192 1681 1197 1760; baseline 0.003 -19"><span class='ocrx_word' id='word_1_103' title='bbox 192 1681 278 1742; x_wconf 85' lang='lat' dir='ltr'><strong>curia</strong></span> <span class='ocrx_word' id='word_1_104' title='bbox 292 1682 443 1742; x_wconf 88' lang='lat' dir='ltr'><strong>salutavit</strong></span> <span class='ocrx_word' id='word_1_105' title='bbox 457 1689 490 1742; x_wconf 91' lang='lat' dir='ltr'><strong>et</strong></span> <span class='ocrx_word' id='word_1_106' title='bbox 503 1683 630 1760; x_wconf 89' lang='lat' dir='ltr'><strong>quidem</strong></span> <span class='ocrx_word' id='word_1_107' title='bbox 643 1683 780 1742; x_wconf 91' lang='lat' dir='ltr'><strong>sedentis</strong></span> <span class='ocrx_word' id='word_1_108' title='bbox 795 1702 831 1742; x_wconf 88' lang='lat' dir='ltr'><strong>ac</strong></span> <span class='ocrx_word' id='word_1_109' title='bbox 842 1683 1030 1743; x_wconf 89' lang='lat' dir='ltr'><strong>nominatim</strong></span> <span class='ocrx_word' id='word_1_110' title='bbox 1043 1684 1197 1760; x_wconf 88' lang='lat' dir='ltr'><strong>singulos,</strong></span> 
     </span>
     <span class='ocr_line' id='line_1_15' title="bbox 191 1787 1199 1863; baseline 0.002 -15"><span class='ocrx_word' id='word_1_111' title='bbox 191 1788 279 1848; x_wconf 87' lang='lat' dir='ltr'><strong>nullo</strong></span> <span class='ocrx_word' id='word_1_112' title='bbox 298 1787 520 1863; x_wconf 82' lang='lat' dir='ltr'><strong>submonente3</strong></span> <span class='ocrx_word' id='word_1_113' title='bbox 542 1789 639 1849; x_wconf 89' lang='lat' dir='ltr'><strong>etiam</strong></span> <span class='ocrx_word' id='word_1_114' title='bbox 651 1789 815 1848; x_wconf 85' lang='lat' dir='ltr'><strong>discedens</strong></span> <span class='ocrx_word' id='word_1_115' title='bbox 830 1789 939 1848; x_wconf 90' lang='lat' dir='ltr'><strong>eodem</strong></span> <span class='ocrx_word' id='word_1_116' title='bbox 954 1789 1046 1848; x_wconf 90' lang='lat' dir='ltr'><strong>modo</strong></span> <span class='ocrx_word' id='word_1_117' title='bbox 1062 1790 1199 1850; x_wconf 89' lang='lat' dir='ltr'><strong>sedenti-</strong></span> 
     </span>
     <span class='ocr_line' id='line_1_16' title="bbox 154 1892 1197 1972; baseline 0.005 -21"><span class='ocrx_word' id='word_1_118' title='bbox 154 1906 183 1951; x_wconf 74' lang='lat'><strong>15</strong></span> <span class='ocrx_word' id='word_1_119' title='bbox 191 1892 249 1952; x_wconf 92' lang='lat' dir='ltr'><strong>bus</strong></span> <span class='ocrx_word' id='word_1_120' title='bbox 263 1893 369 1953; x_wconf 88' lang='lat' dir='ltr'><strong>valere</strong></span> <span class='ocrx_word' id='word_1_121' title='bbox 389 1892 521 1953; x_wconf 88' lang='lat' dir='ltr'><strong>dicebat.</strong></span> <span class='ocrx_word' id='word_1_122' title='bbox 565 1893 674 1953; x_wconf 91' lang='lat' dir='ltr'><strong>Officia</strong></span> <span class='ocrx_word' id='word_1_123' title='bbox 695 1912 766 1952; x_wconf 93' lang='lat' dir='ltr'><strong>cum</strong></span> <span class='ocrx_word' id='word_1_124' title='bbox 787 1893 896 1953; x_wconf 89' lang='lat' dir='ltr'><strong>multis</strong></span> <span class='ocrx_word' id='word_1_125' title='bbox 918 1899 1027 1954; x_wconf 91' lang='lat' dir='ltr'><strong>mutuo</strong></span> <span class='ocrx_word' id='word_1_126' title='bbox 1045 1894 1197 1972; x_wconf 89' lang='lat' dir='ltr'><strong>exercuit,</strong></span> 
     </span>
     <span class='ocr_line' id='line_1_17' title="bbox 192 1998 1198 2076; baseline 0.004 -20"><span class='ocrx_word' id='word_1_127' title='bbox 192 2017 249 2058; x_wconf 90' lang='lat' dir='ltr'><strong>nec</strong></span> <span class='ocrx_word' id='word_1_128' title='bbox 275 1998 363 2076; x_wconf 89' lang='lat' dir='ltr'><strong>prius</strong></span> <span class='ocrx_word' id='word_1_129' title='bbox 395 1998 462 2057; x_wconf 89' lang='lat' dir='ltr'><strong>dies</strong></span> <span class='ocrx_word' id='word_1_130' title='bbox 495 1998 644 2075; x_wconf 91' lang='lat' dir='ltr'><strong>cuiusque</strong></span> <span class='ocrx_word' id='word_1_131' title='bbox 676 1999 842 2058; x_wconf 89' lang='lat' dir='ltr'><strong>sollemnes</strong></span> <span class='ocrx_word' id='word_1_132' title='bbox 871 1999 1071 2076; x_wconf 84' lang='lat' dir='ltr'><strong>frequentare</strong></span> <span class='ocrx_word' id='word_1_133' title='bbox 1099 2001 1198 2060; x_wconf 88' lang='lat' dir='ltr'><strong>desiit</strong></span> 
     </span>
     <span class='ocr_line' id='line_1_18' title="bbox 192 2103 1199 2182; baseline 0.003 -19"><span class='ocrx_word' id='word_1_134' title='bbox 192 2122 287 2181; x_wconf 86' lang='lat' dir='ltr'><strong>quam</strong></span> <span class='ocrx_word' id='word_1_135' title='bbox 311 2104 459 2179; x_wconf 86' lang='lat' dir='ltr'><strong>grandior</strong></span> <span class='ocrx_word' id='word_1_136' title='bbox 482 2103 545 2162; x_wconf 91' lang='lat' dir='ltr'><strong>iam</strong></span> <span class='ocrx_word' id='word_1_137' title='bbox 566 2109 644 2163; x_wconf 88' lang='lat' dir='ltr'><strong>natu</strong></span> <span class='ocrx_word' id='word_1_138' title='bbox 666 2104 751 2163; x_wconf 88' lang='lat' dir='ltr'><strong>etin</strong></span> <span class='ocrx_word' id='word_1_139' title='bbox 774 2104 866 2164; x_wconf 89' lang='lat' dir='ltr'><strong>turba</strong></span> <span class='ocrx_word' id='word_1_140' title='bbox 887 2105 1045 2181; x_wconf 89' lang='lat' dir='ltr'><strong>quondam</strong></span> <span class='ocrx_word' id='word_1_141' title='bbox 1069 2123 1199 2182; x_wconf 79' lang='lat' dir='ltr'><strong>sponsa</strong></span> 
     </span>
     <span class='ocr_line' id='line_1_19' title="bbox 191 2208 1197 2270; baseline 0.003 -3"><span class='ocrx_word' id='word_1_142' title='bbox 191 2209 305 2267; x_wconf 87' lang='lat' dir='ltr'><strong>liorum</strong></span> <span class='ocrx_word' id='word_1_143' title='bbox 319 2209 370 2267; x_wconf 91' lang='lat' dir='ltr'><strong>die</strong></span> <span class='ocrx_word' id='word_1_144' title='bbox 383 2214 524 2268; x_wconf 80' lang='lat' dir='ltr'><strong>vexatus</strong></span> <span class='ocrx_word' id='word_1_145' title='bbox 568 2209 695 2270; x_wconf 88' lang='lat' dir='ltr'><strong>Gallum</strong></span> <span class='ocrx_word' id='word_1_146' title='bbox 710 2208 886 2268; x_wconf 83' lang='lat' dir='ltr'><strong>Cerrinium</strong></span> <span class='ocrx_word' id='word_1_147' title='bbox 901 2215 1076 2270; x_wconf 80' lang='lat' dir='ltr'><strong>senatorem</strong></span> <span class='ocrx_word' id='word_1_148' title='bbox 1090 2211 1197 2270; x_wconf 90' lang='lat' dir='ltr'><strong>minus</strong></span> 
     </span>
     <span class='ocr_line' id='line_1_20' title="bbox 192 2313 1198 2391; baseline 0.004 -19"><span class='ocrx_word' id='word_1_149' title='bbox 192 2313 252 2372; x_wconf 89' lang='lat' dir='ltr'><strong>sibi</strong></span> <span class='ocrx_word' id='word_1_150' title='bbox 267 2313 465 2389; x_wconf 83' lang='lat' dir='ltr'><strong>familiarem,</strong></span> <span class='ocrx_word' id='word_1_151' title='bbox 477 2314 532 2375; x_wconf 90' lang='lat' dir='ltr'><strong>sed</strong></span> <span class='ocrx_word' id='word_1_152' title='bbox 548 2320 674 2391; x_wconf 92' lang='lat' dir='ltr'><strong>captum</strong></span> <span class='ocrx_word' id='word_1_153' title='bbox 689 2321 817 2391; x_wconf 86' lang='lat' dir='ltr'><strong>repente</strong></span> <span class='ocrx_word' id='word_1_154' title='bbox 832 2315 929 2374; x_wconf 92' lang='lat' dir='ltr'><strong>oculis</strong></span> <span class='ocrx_word' id='word_1_155' title='bbox 944 2320 977 2374; x_wconf 89' lang='lat' dir='ltr'><strong>et</strong></span> <span class='ocrx_word' id='word_1_156' title='bbox 992 2315 1031 2374; x_wconf 91' lang='lat' dir='ltr'><strong>ob</strong></span> <span class='ocrx_word' id='word_1_157' title='bbox 1045 2315 1078 2374; x_wconf 90' lang='lat' dir='ltr'><strong>id</strong></span> <span class='ocrx_word' id='word_1_158' title='bbox 1089 2316 1198 2376; x_wconf 89' lang='lat' dir='ltr'><strong>inedia</strong></span> 
     </span>
     <span class='ocr_line' id='line_1_21' title="bbox 152 2418 1195 2496; baseline 0.003 -18"><span class='ocrx_word' id='word_1_159' title='bbox 152 2433 182 2478; x_wconf 79' lang='lat' dir='ltr'><strong>ao</strong></span> <span class='ocrx_word' id='word_1_160' title='bbox 191 2418 271 2478; x_wconf 87' lang='lat' dir='ltr'><strong>mori</strong></span> <span class='ocrx_word' id='word_1_161' title='bbox 281 2418 494 2478; x_wconf 88' lang='lat' dir='ltr'><strong>destinantem</strong></span> <span class='ocrx_word' id='word_1_162' title='bbox 505 2438 652 2496; x_wconf 90' lang='lat' dir='ltr'><strong>praesens</strong></span> <span class='ocrx_word' id='word_1_163' title='bbox 665 2420 852 2479; x_wconf 89' lang='lat' dir='ltr'><strong>consolando</strong></span> <span class='ocrx_word' id='word_1_164' title='bbox 863 2420 1023 2480; x_wconf 86' lang='lat' dir='ltr'><strong>revocavit</strong></span> <span class='ocrx_word' id='word_1_165' title='bbox 1033 2421 1073 2480; x_wconf 87' lang='lat' dir='ltr'><strong>ad</strong></span> <span class='ocrx_word' id='word_1_166' title='bbox 1084 2421 1195 2481; x_wconf 81' lang='lat' dir='ltr'><strong>vitam.</strong></span> 
     </span>
     <span class='ocr_line' id='line_1_22' title="bbox 231 2524 1256 2602; baseline 0.003 -19"><span class='ocrx_word' id='word_1_167' title='bbox 231 2525 271 2583; x_wconf 92' lang='lat' dir='ltr'><strong>In</strong></span> <span class='ocrx_word' id='word_1_168' title='bbox 285 2530 396 2584; x_wconf 89' lang='lat' dir='ltr'><strong>senatu</strong></span> <span class='ocrx_word' id='word_1_169' title='bbox 407 2524 502 2584; x_wconf 81' lang='lat' dir='ltr'><strong>verba</strong></span> <span class='ocrx_word' id='word_1_170' title='bbox 513 2525 643 2584; x_wconf 79' lang='lat' dir='ltr'><strong>facienti</strong></span> <span class='ocrx_word' id='word_1_171' title='bbox 657 2525 778 2584; x_wconf 90' lang='lat' dir='ltr'><strong>dictum</strong></span> <span class='ocrx_word' id='word_1_172' title='bbox 791 2530 857 2584; x_wconf 91' lang='lat' dir='ltr'><strong>est:</strong></span> <span class='ocrx_word' id='word_1_173' title='bbox 878 2527 967 2584; x_wconf 89' lang='lat' dir='ltr'><strong>Non</strong></span> <span class='ocrx_word' id='word_1_174' title='bbox 983 2525 1195 2602; x_wconf 84' lang='lat' dir='ltr'><strong>intellexi,</strong></span> <span class='ocrx_word' id='word_1_175' title='bbox 1220 2536 1256 2586; x_wconf 82' lang='lat'><strong>54</strong></span> 
     </span>
     <span class='ocr_line' id='line_1_23' title="bbox 191 2627 1197 2705; baseline 0.004 -18"><span class='ocrx_word' id='word_1_176' title='bbox 191 2632 224 2687; x_wconf 89' lang='lat' dir='ltr'><strong>et</strong></span> <span class='ocrx_word' id='word_1_177' title='bbox 240 2627 280 2686; x_wconf 89' lang='lat' dir='ltr'><strong>ab</strong></span> <span class='ocrx_word' id='word_1_178' title='bbox 296 2627 373 2686; x_wconf 85' lang='lat' dir='ltr'><strong>alio:</strong></span> <span class='ocrx_word' id='word_1_179' title='bbox 403 2628 548 2686; x_wconf 78' lang='lat' dir='ltr'><strong>Contra</strong></span> <span class='ocrx_word' id='word_1_180' title='bbox 569 2630 750 2690; x_wconf 88' lang='lat' dir='ltr'><strong>dicerem</strong></span> <span class='ocrx_word' id='word_1_181' title='bbox 771 2629 859 2705; x_wconf 92' lang='lat' dir='ltr'><strong>tibi,</strong></span> <span class='ocrx_word' id='word_1_182' title='bbox 878 2630 912 2689; x_wconf 90' lang='lat' dir='ltr'><strong>si</strong></span> <span class='ocrx_word' id='word_1_183' title='bbox 932 2630 1064 2690; x_wconf 91' lang='lat' dir='ltr'><strong>locum</strong></span> <span class='ocrx_word' id='word_1_184' title='bbox 1083 2630 1197 2691; x_wconf 82' lang='lat' dir='ltr'><strong>habe</strong></span> 
     </span>
     <span class='ocr_line' id='line_1_24' title="bbox 191 2734 1196 2813; baseline 0.004 -20"><span class='ocrx_word' id='word_1_185' title='bbox 191 2754 278 2795; x_wconf 90' lang='lat' dir='ltr'><strong>rem.</strong></span> <span class='ocrx_word' id='word_1_186' title='bbox 321 2735 488 2809; x_wconf 88' lang='lat' dir='ltr'><strong>Interdum</strong></span> <span class='ocrx_word' id='word_1_187' title='bbox 516 2735 556 2793; x_wconf 89' lang='lat' dir='ltr'><strong>ob</strong></span> <span class='ocrx_word' id='word_1_188' title='bbox 584 2734 766 2794; x_wconf 91' lang='lat' dir='ltr'><strong>immodicas</strong></span> <span class='ocrx_word' id='word_1_189' title='bbox 793 2735 1040 2813; x_wconf 90' lang='lat' dir='ltr'><strong>disceptantium</strong></span> <span class='ocrx_word' id='word_1_190' title='bbox 1066 2735 1196 2797; x_wconf 60' lang='lat' dir='ltr'><strong>altercer</strong></span> 
     </span>
     <span class='ocr_line' id='line_1_25' title="bbox 190 2839 1195 2918; baseline 0.001 -17"><span class='ocrx_word' id='word_1_191' title='bbox 190 2839 292 2901; x_wconf 91' lang='lat' dir='ltr'><strong>tiones</strong></span> <span class='ocrx_word' id='word_1_192' title='bbox 304 2859 321 2900; x_wconf 94' lang='lat' dir='ltr'><strong>e</strong></span> <span class='ocrx_word' id='word_1_193' title='bbox 335 2840 421 2899; x_wconf 89' lang='lat' dir='ltr'><strong>curia</strong></span> <span class='ocrx_word' id='word_1_194' title='bbox 435 2858 491 2917; x_wconf 91' lang='lat' dir='ltr'><strong>per</strong></span> <span class='ocrx_word' id='word_1_195' title='bbox 506 2839 585 2899; x_wconf 89' lang='lat' dir='ltr'><strong>iram</strong></span> <span class='ocrx_word' id='word_1_196' title='bbox 600 2859 633 2899; x_wconf 89' lang='lat' dir='ltr'><strong>se</strong></span> <span class='ocrx_word' id='word_1_197' title='bbox 648 2840 836 2917; x_wconf 88' lang='lat' dir='ltr'><strong>proripienti</strong></span> <span class='ocrx_word' id='word_1_198' title='bbox 851 2841 980 2918; x_wconf 89' lang='lat' dir='ltr'><strong>quidam</strong></span> <span class='ocrx_word' id='word_1_199' title='bbox 995 2840 1195 2918; x_wconf 80' lang='lat' dir='ltr'><strong>ingesserimt</strong></span> 
     </span>
     <span class='ocr_line' id='line_1_26' title="bbox 151 2945 1192 3024; baseline 0.005 -22"><span class='ocrx_word' id='word_1_200' title='bbox 151 2945 318 3005; x_wconf 73' lang='lat' dir='ltr'><strong>relicere</strong></span> <span class='ocrx_word' id='word_1_201' title='bbox 354 2951 545 3022; x_wconf 89' lang='lat' dir='ltr'><strong>oportere</strong></span> <span class='ocrx_word' id='word_1_202' title='bbox 576 2945 840 3005; x_wconf 87' lang='lat' dir='ltr'><strong>senatoribus</strong></span> <span class='ocrx_word' id='word_1_203' title='bbox 862 2946 908 3006; x_wconf 94' lang='lat' dir='ltr'><strong>de</strong></span> <span class='ocrx_word' id='word_1_204' title='bbox 941 2965 981 3005; x_wconf 91' lang='lat' dir='ltr'><strong>re</strong></span> <span class='ocrx_word' id='word_1_205' title='bbox 1003 2965 1033 3024; x_wconf 89' lang='lat' dir='ltr'><strong>p.</strong></span> <span class='ocrx_word' id='word_1_206' title='bbox 1069 2947 1192 3024; x_wconf 92' lang='lat' dir='ltr'><strong>loqui.</strong></span> 
     </span>
     <span class='ocr_line' id='line_1_27' title="bbox 191 3050 1194 3129; baseline 0.006 -21"><span class='ocrx_word' id='word_1_207' title='bbox 191 3050 350 3110; x_wconf 88' lang='lat' dir='ltr'><strong>Antistius</strong></span> <span class='ocrx_word' id='word_1_208' title='bbox 368 3051 473 3109; x_wconf 90' lang='lat' dir='ltr'><strong>Labeo</strong></span> <span class='ocrx_word' id='word_1_209' title='bbox 490 3056 617 3109; x_wconf 90' lang='lat' dir='ltr'><strong>senatus</strong></span> <span class='ocrx_word' id='word_1_210' title='bbox 635 3051 778 3125; x_wconf 89' lang='lat' dir='ltr'><strong>lectione,</strong></span> <span class='ocrx_word' id='word_1_211' title='bbox 794 3070 864 3110; x_wconf 92' lang='lat' dir='ltr'><strong>cum</strong></span> <span class='ocrx_word' id='word_1_212' title='bbox 879 3051 928 3110; x_wconf 87' lang='lat' dir='ltr'><strong>vir</strong></span> <span class='ocrx_word' id='word_1_213' title='bbox 943 3051 1046 3110; x_wconf 89' lang='lat' dir='ltr'><strong>virum</strong></span> <span class='ocrx_word' id='word_1_214' title='bbox 1064 3051 1194 3129; x_wconf 85' lang='lat' dir='ltr'><strong>legeret,</strong></span> 
     </span>
     <span class='ocr_line' id='line_1_28' title="bbox 190 3156 1194 3236; baseline 0.005 -22"><span class='ocrx_word' id='word_1_215' title='bbox 190 3157 234 3215; x_wconf 89' lang='lat' dir='ltr'><strong>M.</strong></span> <span class='ocrx_word' id='word_1_216' title='bbox 256 3156 413 3233; x_wconf 90' lang='lat' dir='ltr'><strong>Lepidum</strong></span> <span class='ocrx_word' id='word_1_217' title='bbox 433 3156 557 3215; x_wconf 87' lang='lat' dir='ltr'><strong>hostem</strong></span> <span class='ocrx_word' id='word_1_218' title='bbox 574 3156 649 3214; x_wconf 93' lang='lat' dir='ltr'><strong>olim</strong></span> <span class='ocrx_word' id='word_1_219' title='bbox 670 3156 736 3214; x_wconf 87' lang='lat' dir='ltr'><strong>eius</strong></span> <span class='ocrx_word' id='word_1_220' title='bbox 758 3162 790 3215; x_wconf 90' lang='lat' dir='ltr'><strong>et</strong></span> <span class='ocrx_word' id='word_1_221' title='bbox 811 3162 886 3215; x_wconf 90' lang='lat' dir='ltr'><strong>tunc</strong></span> <span class='ocrx_word' id='word_1_222' title='bbox 907 3157 1088 3217; x_wconf 83' lang='lat' dir='ltr'><strong>exulantem</strong></span> <span class='ocrx_word' id='word_1_223' title='bbox 1115 3158 1194 3236; x_wconf 89' lang='lat' dir='ltr'><strong>legit</strong></span> 
     </span>
     <span class='ocr_line' id='line_1_29' title="bbox 190 3261 1194 3339; baseline 0.003 -19"><span class='ocrx_word' id='word_1_224' title='bbox 190 3261 462 3338; x_wconf 85' lang='lat' dir='ltr'><strong>interrogatusqne</strong></span> <span class='ocrx_word' id='word_1_225' title='bbox 483 3261 523 3321; x_wconf 88' lang='lat' dir='ltr'><strong>ab</strong></span> <span class='ocrx_word' id='word_1_226' title='bbox 544 3280 580 3320; x_wconf 90' lang='lat' dir='ltr'><strong>eo</strong></span> <span class='ocrx_word' id='word_1_227' title='bbox 601 3280 641 3320; x_wconf 89' lang='lat' dir='ltr'><strong>an</strong></span> <span class='ocrx_word' id='word_1_228' title='bbox 669 3266 775 3321; x_wconf 90' lang='lat' dir='ltr'><strong>essent</strong></span> <span class='ocrx_word' id='word_1_229' title='bbox 800 3261 857 3321; x_wconf 90' lang='lat' dir='ltr'><strong>alii</strong></span> <span class='ocrx_word' id='word_1_230' title='bbox 883 3261 1052 3339; x_wconf 86' lang='lat' dir='ltr'><strong>digniores,</strong></span> <span class='ocrx_word' id='word_1_231' title='bbox 1080 3281 1194 3323; x_wconf 89' lang='lat' dir='ltr'><strong>suum</strong></span> 
     </span>
     <span class='ocr_line' id='line_1_30' title="bbox 190 3366 1193 3445; baseline 0.004 -19"><span class='ocrx_word' id='word_1_232' title='bbox 190 3386 386 3445; x_wconf 90' lang='lat' dir='ltr'><strong>quemque</strong></span> <span class='ocrx_word' id='word_1_233' title='bbox 408 3366 608 3425; x_wconf 91' lang='lat' dir='ltr'><strong>indicium</strong></span> <span class='ocrx_word' id='word_1_234' title='bbox 639 3366 791 3426; x_wconf 89' lang='lat' dir='ltr'><strong>habere</strong></span> <span class='ocrx_word' id='word_1_235' title='bbox 813 3367 983 3445; x_wconf 91' lang='lat' dir='ltr'><strong>respondit.</strong></span> <span class='ocrx_word' id='word_1_236' title='bbox 1025 3369 1094 3429; x_wconf 89' lang='lat' dir='ltr'><strong>Nec</strong></span> <span class='ocrx_word' id='word_1_237' title='bbox 1122 3369 1193 3430; x_wconf 89' lang='lat' dir='ltr'><strong>ideo</strong></span> 
     </span>
     <span class='ocr_line' id='line_1_31' title="bbox 151 3471 960 3549; baseline 0.004 -20"><span class='ocrx_word' id='word_1_238' title='bbox 151 3473 318 3532; x_wconf 80' lang='lat' dir='ltr'><strong>solibertas</strong></span> <span class='ocrx_word' id='word_1_239' title='bbox 331 3478 386 3531; x_wconf 91' lang='lat' dir='ltr'><strong>aut</strong></span> <span class='ocrx_word' id='word_1_240' title='bbox 401 3471 595 3531; x_wconf 88' lang='lat' dir='ltr'><strong>contumacia</strong></span> <span class='ocrx_word' id='word_1_241' title='bbox 609 3471 714 3531; x_wconf 87' lang='lat' dir='ltr'><strong>fraudi</strong></span> <span class='ocrx_word' id='word_1_242' title='bbox 730 3471 875 3549; x_wconf 88' lang='lat' dir='ltr'><strong>cuiquam</strong></span> <span class='ocrx_word' id='word_1_243' title='bbox 889 3472 960 3532; x_wconf 82' lang='lat' dir='ltr'><strong>fuit.</strong></span> 
     </span>
     <span class='ocr_line' id='line_1_32' title="bbox 229 3576 1251 3654; baseline 0.008 -17"><span class='ocrx_word' id='word_1_244' title='bbox 229 3577 335 3637; x_wconf 82' lang='lat' dir='ltr'><strong>Etiam</strong></span> <span class='ocrx_word' id='word_1_245' title='bbox 358 3596 482 3654; x_wconf 89' lang='lat' dir='ltr'><strong>sparsos</strong></span> <span class='ocrx_word' id='word_1_246' title='bbox 504 3577 543 3636; x_wconf 94' lang='lat' dir='ltr'><strong>de</strong></span> <span class='ocrx_word' id='word_1_247' title='bbox 565 3595 597 3635; x_wconf 92' lang='lat' dir='ltr'><strong>se</strong></span> <span class='ocrx_word' id='word_1_248' title='bbox 619 3576 652 3634; x_wconf 91' lang='lat' dir='ltr'><strong>in</strong></span> <span class='ocrx_word' id='word_1_249' title='bbox 674 3577 759 3635; x_wconf 84' lang='lat' dir='ltr'><strong>curia</strong></span> <span class='ocrx_word' id='word_1_250' title='bbox 773 3577 910 3636; x_wconf 88' lang='lat' dir='ltr'><strong>famosos</strong></span> <span class='ocrx_word' id='word_1_251' title='bbox 932 3578 1055 3639; x_wconf 90' lang='lat' dir='ltr'><strong>libellos</strong></span> <span class='ocrx_word' id='word_1_252' title='bbox 1071 3599 1129 3640; x_wconf 89' lang='lat' dir='ltr'><strong>nec</strong></span> <span class='ocrx_word' id='word_1_253' title='bbox 1144 3599 1194 3640; x_wconf 83' lang='lat' dir='ltr'><strong>ex·</strong></span> <span class='ocrx_word' id='word_1_254' title='bbox 1215 3594 1251 3645; x_wconf 80' lang='lat'><strong>55</strong></span> 
     </span>
    </p>
   </div>
   <div class='ocr_carea' id='block_1_3' title="bbox 189 3681 1193 3762">
    <p class='ocr_par' dir='ltr' id='par_1_3' title="bbox 189 3681 1193 3762">
     <span class='ocr_line' id='line_1_33' title="bbox 189 3681 1193 3762; baseline 0.004 -20"><span class='ocrx_word' id='word_1_255' title='bbox 189 3681 279 3760; x_wconf 85' lang='lat' dir='ltr'><strong>pavit</strong></span> <span class='ocrx_word' id='word_1_256' title='bbox 300 3689 332 3743; x_wconf 89' lang='lat' dir='ltr'><strong>et</strong></span> <span class='ocrx_word' id='word_1_257' title='bbox 354 3701 466 3758; x_wconf 89' lang='lat' dir='ltr'><strong>magna</strong></span> <span class='ocrx_word' id='word_1_258' title='bbox 487 3701 561 3741; x_wconf 88' lang='lat' dir='ltr'><strong>cura</strong></span> <span class='ocrx_word' id='word_1_259' title='bbox 582 3682 742 3757; x_wconf 86' lang='lat' dir='ltr'><strong>redarguit</strong></span> <span class='ocrx_word' id='word_1_260' title='bbox 763 3700 799 3741; x_wconf 89' lang='lat' dir='ltr'><strong>ac</strong></span> <span class='ocrx_word' id='word_1_261' title='bbox 819 3701 859 3741; x_wconf 91' lang='lat' dir='ltr'><strong>ne</strong></span> <span class='ocrx_word' id='word_1_262' title='bbox 880 3682 1041 3760; x_wconf 90' lang='lat' dir='ltr'><strong>requisitis</strong></span> <span class='ocrx_word' id='word_1_263' title='bbox 1063 3684 1193 3762; x_wconf 88' lang='lat' dir='ltr'><strong>quidem</strong></span> 
     </span>
    </p>
   </div>
   <div class='ocr_carea' id='block_1_4' title="bbox 0 0 1344 4140">
    <p class='ocr_par' dir='ltr' id='par_1_4' title="bbox 0 0 1344 4140">
     <span class='ocr_line' id='line_1_34' title="bbox 0 0 1344 4140; baseline 0 0"><span class='ocrx_word' id='word_1_264' title='bbox 0 0 1344 4140; x_wconf 95' lang='lat' dir='ltr'><strong> </strong></span> 
     </span>
    </p>
   </div>
  </div>
 </body>
</html>
