2678 4140
414 261 527 312 muna
549 261 571 312 1.
609 260 867 311 u1vusmn1us
1103 247 1144 312 39

141 433 201 509 alii,
215 452 255 493 ne
270 437 418 494 conatum
434 432 563 510 quidem
584 432 720 508 omnin0,
736 432 900 493 sedetiam
922 432 1143 493 admonentem

141 539 252 600 Gaium
281 539 465 598 Trebatium
488 544 525 598 ut
538 519 719 614 assurgeret
747 538 850 597 minus
876 538 1027 598 familiari
1051 538 1143 598 vultu

95 644 321 722 2respexisse.
365 645 467 720 quue
488 644 610 703 factum
632 643 699 703 eius
725 647 815 702 tanto
840 643 1070 703 intolerabilius
1094 650 1143 704 est

138 750 239 810 visum
253 750 338 827 quod
355 749 424 827 ipse
433 749 650 827 ,triumphanti
664 754 696 807 et
711 748 861 808 subsellia
875 748 1044 809 tribunicia
1058 768 1144 827 prae-

137 855 313 915 teruehenti
338 854 400 914 sibi
420 873 518 912 unum
539 873 556 913 e
579 854 710 930 collegio
734 854 885 913 Pontium
905 855 1056 932 Aquilam
1079 872 1167 916 nono

136 960 344 1022 assurrexisse
382 961 460 1020 adeo
497 960 680 1036 indignatus
720 960 762 1019 sit
803 965 841 1020 ut
882 961 1142 1039 proclamaverit:

137 1068 290 1144 Repete
312 1085 407 1141 ergo
430 1085 449 1125 a
474 1085 543 1141 me,
561 1066 725 1142 Aquila,
745 1085 825 1125 rem
847 1066 1052 1143 publicam
1076 1065 1144 1125 tri-

136 1171 281 1231 bunus!
324 1177 356 1231 et
372 1191 430 1231 neo
447 1171 609 1231 destiterit
627 1191 683 1249 per
705 1171 869 1230 continuos
889 1170 957 1230 dies
974 1170 1143 1247 quicquam

137 1277 281 1355 cuiquam
299 1277 363 1336 nisi
378 1276 436 1335 sub
451 1277 635 1354 exceptione
656 1276 817 1354 polliceri:
848 1275 888 1335 Si
916 1281 1050 1336 tamen
1072 1295 1142 1354 per

137 1382 326 1442 Pontium
346 1381 538 1458 Aquilam
559 1381 740 1441 licuerit.
1152 1396 1181 1442 10

30 1483 118 1546 '⁷9
173 1487 303 1547 Adiecit
316 1487 357 1546 ad
371 1492 438 1547 tam
452 1487 608 1563 insignem
623 1486 765 1564 despecti
780 1492 908 1547 senatus
920 1487 1142 1546 contumeliam

138 1592 234 1653 multo
256 1592 454 1668 arrogantius
476 1592 606 1651 factum.
648 1593 732 1651 Nam
752 1611 822 1651 cum
838 1591 871 1650 in
886 1591 1038 1652 sacrificio
1059 1592 1143 1652 Lati-

136 1717 255 1773 narum,
270 1702 448 1757 revertente
463 1716 499 1756 eo
513 1697 596 1757 inter
614 1697 786 1756 inmodicas
803 1716 840 1756 ac
858 1716 955 1757 novas
972 1696 1082 1774 populi
1096 1716 1144 1757 ac-

138 1803 348 1878 clamationes,
359 1802 489 1879 quidam
501 1821 517 1861 e
529 1802 622 1862 turba
633 1808 757 1862 statuae
768 1801 835 1862 eius
848 1821 993 1862 coronam
1004 1802 1143 1862 lauream

138 1909 268 1969 candida
293 1907 392 1967 fascia
417 1907 593 1984 praeligata
621 1908 814 1985 inposuisset
838 1912 871 1966 et
895 1906 1016 1966 tribuni
1040 1907 1181 1984 plebislo

136 2013 269 2091 Epidius
290 2013 447 2072 Marullus
469 2013 694 2089 Caesetiusque
717 2013 834 2072 Flavus
859 2030 989 2072 coronae
1010 2012 1143 2072 fasciam

137 2118 259 2179 detrahi
272 2118 495 2195 hominemque
508 2119 581 2177 duci
590 2119 624 2176 in
635 2118 761 2177 vincula
775 2117 951 2192 iussissent,
963 2118 1072 2177 dolens
1088 2136 1143 2177 seu

137 2243 247 2301 parum
261 2242 411 2301 prospere
425 2229 544 2282 motam
558 2223 647 2299 regni
662 2223 854 2282 mentionem
869 2222 944 2298 sive,
959 2229 996 2282 ut
1010 2222 1142 2297 ferebat,

137 2335 276 2406 creptam
291 2328 353 2388 sibi
367 2329 500 2405 gloriam
514 2328 688 2403 recusandi,
701 2328 843 2388 tribunos
858 2328 997 2404 graviter
1011 2326 1144 2404 increpi-

117 2439 184 2493 atos
205 2439 364 2511 potestate
386 2434 534 2513 privavit.
576 2435 688 2510 Neque
709 2453 747 2493 ex
765 2453 801 2493 eo
816 2433 981 2493 infamiam
1001 2432 1183 2493 affectatis)

137 2538 231 2598 etiam
246 2538 325 2615 regii
343 2539 480 2598 nominis
501 2539 658 2598 discutere
673 2539 783 2612 valuit,
798 2556 978 2614 quanquam
993 2543 1025 2597 et
1039 2537 1143 2615 plebei

137 2643 675 2719 regemsesalutantiansarem
695 2663 744 2718 se,
760 2661 981 2718 nonregem
996 2660 1084 2702 esse
1099 2661 1143 2702 re-

137 2749 300 2826 sponderit
318 2753 351 2808 et
367 2749 594 2826 Lupercalibus
616 2768 673 2826 pro
695 2748 806 2807 rostris
821 2767 840 2807 a
854 2747 980 2807 consule
1002 2747 1142 2806 Antonio

137 2854 297 2914 admotum
313 2855 438 2932 saepius
466 2855 564 2933 capiti
579 2874 635 2914 suo
649 2855 794 2914 diadema
809 2852 984 2930 reppulerit
997 2857 1093 2928 atque
1107 2852 1142 2910 in

116 2957 329 3038 adapitolium
354 2960 424 3020 Iovi
446 2961 575 3039 Optimo
598 2960 739 3019 Maximo
764 2959 895 3018 miserit.
938 2957 1021 3028 Quin
1045 2957 1180 3017 etiamat

137 3064 223 3125 varia
250 3065 337 3125 fama
367 3062 563 3143 percrebruit
594 3065 802 3142 migraturum
831 3062 1062 3122 Alexandream
1089 3062 1140 3122 vel

137 3170 243 3246 Ilium,
258 3171 422 3231 translatis
437 3171 531 3230 simul
547 3171 658 3249 opibus
674 3170 800 3248 imperii
815 3169 1030 3244 exhaustaque
1044 3167 1141 3226 Italia

137 3275 303 3336 dilectibus
315 3281 347 3336 et
357 3277 576 3354 procuratione
586 3276 673 3336 urbis
687 3275 797 3335 amicis
808 3273 977 3352 permissa3
997 3271 1140 3350 proximo

137 3387 242 3441 autem
267 3386 379 3442 senatu
402 3382 535 3442 Lucium
558 3383 685 3443 Cottam
709 3379 993 3457 quindecimvirum
1020 3383 1141 3438 senten-

138 3486 215 3546 tiam
233 3487 393 3546 dicturum
410 3492 456 3562 ut,
477 3487 626 3564 quoniam
645 3485 796 3546 fatalibus
817 3484 907 3543 libris
927 3483 1179 3543 continereturac

138 3591 272 3652 Parthos
293 3591 356 3653 nisi
376 3610 395 3652 a
416 3611 488 3668 rege
509 3610 571 3651 non
589 3609 680 3668 posse
694 3590 788 3666 vinci,
803 3589 918 3649 Caesar
932 3608 987 3648 rex
1004 3589 1141 3666 appella·

139 3701 232 3757 retur.
