2678 4140
153 245 194 310 16
234 257 266 310 e.
292 257 450 310 suarem
471 259 700 323 ranuoumnr
723 261 772 311 os
795 261 886 312 vrrs
907 259 1109 313 cassanum

153 431 390 505 volucrunt;
411 431 543 491 tantis
565 431 684 492 rebus
705 432 838 508 gestis
860 433 985 492 Gaius
1005 432 1153 492 Caesar

71 542 74 547 '
152 536 444 597 condemnatus
475 555 614 612 essem,
644 537 728 597 nisi
767 537 815 597 ab
845 538 1031 598 exercitu
1067 556 1154 597 aux-

151 641 269 702 ilium
298 641 505 720 petisscm„
558 643 693 712 Quidam
722 649 838 721 putant
868 650 995 721 captum
1028 642 1174 720 imperiis

152 748 377 808 consuetudine
404 748 635 826 pensitatisque
661 749 726 808 suis
751 755 785 809 et
812 749 1009 809 inimicorum
1032 747 1151 808 viribus

126 868 242 913 omum
272 854 433 914 occasione
469 855 638 932 rapiendae
668 856 892 916 dominationis
925 874 1021 933 quam
1048 860 1152 914 aetate

151 959 254 1036 prima
263 960 469 1038 concupisset
506 961 596 1030 Quod
606 962 805 1022 existimasse
817 961 981 1021 videbatur
991 967 1025 1020 et
1034 960 1151 1035 Cicero,

151 1063 289 1125 scribens
310 1066 350 1125 dc
365 1065 484 1126 Officiis
506 1068 601 1127 tertio
621 1068 702 1128 libro
716 1087 841 1146 semper
861 1068 1025 1128 Gaesarem
1045 1067 1080 1125 in
1100 1085 1152 1126 ore

150 1168 297 1229 habuisse
311 1171 475 1249 Euripidis
490 1191 609 1248 versus,
623 1193 702 1250 quos
717 1174 763 1233 sic
776 1175 845 1251 ipse
859 1173 1031 1233 convertit:

176 1330 274 1391 Nam
296 1332 331 1391 si
352 1331 588 1392 violandum
608 1340 672 1393 est
692 1335 764 1410 ius,
780 1334 977 1411 regnandi
998 1332 1133 1410 gratia

112 1450 141 1495 10
177 1436 395 1496 violandum
421 1442 501 1497 est:
537 1440 632 1502 aliis
655 1442 771 1498 rebus
796 1441 997 1516 pietatem
1018 1436 1132 1495 colas.

189 1597 269 1658 Cum
279 1574 353 1674 e'rgo
364 1598 522 1658 sublatam
532 1599 730 1658 tribunorum
741 1597 996 1659 intercessionem
1004 1596 1151 1676 ipsosque
1170 1600 1194 1652 3]

148 1701 225 1763 urbe
239 1703 370 1763 cessisse
387 1704 569 1763 nuntiatum
583 1710 676 1778 esset,
694 1704 875 1782 praemissis
891 1703 1058 1762 confestim
1071 1701 1151 1773 clam

150 1806 338 1882 cohortibus,
352 1826 393 1867 ne
407 1827 469 1885 qua
484 1809 622 1886 suspicio
637 1815 824 1882 moveretur,
839 1814 871 1867 et
886 1807 1064 1885 spectaculo
1078 1787 1152 1884 pub

148 1911 210 1971 lico
226 1931 283 1990 per
296 1913 581 1972 dissimulationem
601 1914 749 1973 interfuit
763 1920 796 1973 et
817 1914 1028 1990 formamque
1042 1911 1151 1971 ludum

111 2030 139 2074 lo
148 2016 371 2092 gladiatorium
391 2024 460 2077 erat
483 2019 704 2078 aedificaturus
728 2018 940 2078 consideravit
965 2023 1059 2076 etex
1084 2035 1152 2075 con·

148 2122 314 2182 suetudine
335 2123 480 2182 convivio
502 2143 535 2182 se
557 2124 717 2200 frequenti
738 2124 835 2183 dedit
878 2123 960 2182 Dein
982 2127 1055 2200 post
1076 2120 1172 2181 soliss

148 2245 292 2287 occasum
313 2228 408 2286 mulis
429 2248 446 2287 e
468 2229 611 2305 proximo
632 2229 768 2305 pistrino
784 2229 825 2288 ad
842 2228 1021 2288 vehiculum
1035 2224 1150 2286 iunctis

148 2332 395 2391 occultissimum
408 2321 471 2392 'iter
482 2334 603 2392 modico
618 2335 769 2394 comitatu
783 2335 943 2410 ingressus
952 2338 1021 2408 est;
1034 2337 1067 2392 ct
1082 2351 1151 2392 curn

148 2437 319 2496 luminibus
342 2438 491 2497 extinctis
517 2439 704 2498 decessisset
724 2439 786 2513 via,
800 2439 856 2497 diu
869 2438 1062 2498 errabundus
1087 2442 1152 2497 tan-

108 2542 219 2601 tudem
242 2542 283 2601 ad
303 2542 406 2601 lucem
427 2543 505 2602 duce
520 2549 645 2621 reperto
666 2563 723 2621 per
744 2544 985 2620 angustissimos
1007 2543 1151 2602 tramites

147 2646 280 2723 pedibus
302 2647 412 2706 evasit.
455 2647 710 2725 consecutusque
732 2649 869 2709 cohortis
891 2649 932 2708 ad
957 2647 1151 2707 Rubiconem

146 2750 272 2826 flumen,
287 2752 341 2828 qui
364 2753 543 2830 provinciae
566 2753 633 2812 eius
655 2753 728 2813 finis
753 2759 830 2828 erat,
845 2753 975 2831 paulum
997 2751 1149 2826 constitit,

146 2875 183 2916 ac
205 2863 355 2934 reputans
378 2863 531 2933 quantum
553 2859 725 2932 moliretur,
740 2835 907 2918 conversus
924 2858 965 2917 ad
982 2857 1150 2935 proximos,

146 2963 280 3023 Etiam
306 2981 425 3036 nunc,
450 2963 564 3040 inquit,
589 2964 752 3040 regredi
783 2982 1015 3041 possumus;
1047 2962 1151 3039 quod

107 3067 181 3126 resi
219 3067 476 3145 ponticulum
516 3069 817 3144 transierimus,
857 3069 989 3128 omnia
1027 3067 1150 3127 armis

145 3173 300 3248 agenda
329 3179 457 3233 erunt.

186 3277 357 3337 Cunctanti
376 3284 535 3338 ostentum
555 3280 618 3339 tale
638 3281 758 3340 factum
780 3288 837 3342 est.
880 3281 1015 3352 Quidam
1035 3279 1152 3340 eximia
1173 3293 1194 3343 ai

146 3383 363 3459 magnitudine
373 3389 405 3442 et
419 3384 521 3443 forma
536 3385 569 3443 in
584 3386 727 3462 proximo
738 3387 849 3446 sedens
861 3392 992 3464 repente
1001 3385 1152 3463 apparuit

145 3487 321 3549 harundine
336 3506 449 3548 canens
462 3512 469 3563 ;
490 3491 531 3549 ad
542 3509 637 3566 quem
650 3491 842 3550 audiendum
857 3511 928 3550 cum
943 3497 1069 3569 praeter
1083 3509 1151 3568 pas

105 3597 229 3653 soteres
245 3593 374 3670 plurimi
395 3594 491 3653 etiam
513 3613 551 3653 ex
573 3596 762 3655 stationibus
784 3596 903 3656 milites
919 3594 1151 3655 concurrissent

145 3697 289 3775 interque
304 3717 356 3757 eos
368 3703 400 3757 et
414 3703 604 3771 conecterem
616 3707 708 3777 rapta
718 3700 758 3771 ab
769 3720 831 3761 uno
845 3700 922 3762 tuba
936 3700 1097 3778 prosilivit
1109 3699 1150 3760 ad
