2678 4140
431 262 589 315 1111111.
627 262 886 315 1101010110
1121 250 1162 319 17

160 433 273 496 flumen
286 441 320 497 et
338 434 461 512 ingenti
479 436 595 514 spiritu
613 436 779 496 classicum
795 454 925 496 exorsus
943 435 1105 514 pertendit
1122 435 1164 497 ad

159 539 289 601 alteram
321 541 433 619 ripam
486 541 575 601 Tunc
607 542 731 615 Caesar,
766 542 903 616 Eatur,
938 540 1052 618 inquit,
1087 559 1164 618 quo

159 647 328 706 deorum
365 650 537 705 ostenta
574 651 614 705 et
652 645 913 706 inimicorum
957 645 1163 723 iniqnitas

158 753 283 808 vocat
340 749 457 809 Iacta
483 748 573 810 alea
600 754 671 825 est,
700 749 812 828 inquit

116 861 141 914 31
195 855 304 932 Atque
325 855 371 916 ita
391 856 523 916 traiecto
547 856 697 931 exercitu,
718 856 870 918 adhibitis
894 858 1030 918 tribunis
1052 857 1188 936 plebis,s

158 961 210 1039 qui
224 962 312 1040 pulsi
322 970 578 1041 supervenerant,
593 983 650 1041 pro
666 965 811 1024 contione
824 965 921 1025 fidem
932 965 1071 1026 militum
1084 965 1164 1026 flens

158 1085 191 1127 ac
204 1073 296 1128 veste
310 1088 331 1129 a
344 1075 470 1147 pectore
483 1069 616 1130 discissa
630 1069 798 1130 invocavit.
840 1070 1053 1132 Existimetur
1067 1071 1163 1132 etiam

158 1180 319 1251 equestres
342 1193 453 1234 census
481 1174 642 1252 pollicitus
671 1175 823 1251 singulis3
844 1177 929 1254 quod
956 1176 1073 1237 accidit
1099 1176 1165 1254 opi-

158 1279 249 1339 nione
277 1279 368 1340 falsa
410 1280 495 1340 Nam
523 1299 593 1339 cum
621 1281 655 1338 in
682 1280 881 1359 adloquendo
905 1281 1165 1360 adhortandoque

159 1384 282 1463 saepius
305 1384 442 1461 digitum
466 1386 574 1445 laevae
601 1405 711 1445 manus
737 1391 900 1446 ostentans
924 1386 1107 1447 adfirmaret
1131 1405 1165 1447 se
1175 1401 1204 1448 10

158 1490 196 1550 ad
217 1490 297 1551 satis
319 1489 500 1550 faciendum
521 1490 665 1550 omnibus
687 1510 743 1568 per
765 1509 843 1569 quos
866 1491 1054 1568 dignitatem
1076 1510 1165 1552 suam

159 1595 345 1655 defensurus
374 1600 459 1655 esset
484 1596 615 1656 anulum
643 1614 767 1673 quoque
795 1614 895 1673 aequo
919 1597 1024 1656 animo
1047 1597 1167 1658 detrec
1227 1624 1238 1647 ν

160 1704 264 1760 turum
285 1700 355 1776 sibi,
375 1706 517 1761 extrema
535 1701 649 1777 contio,
667 1701 718 1760 cui
736 1701 863 1760 facilius
883 1684 951 1761 erat
970 1701 1078 1762 videre
1097 1720 1167 1762 con-

159 1805 334 1866 tionantem
364 1825 459 1884 quam
486 1806 604 1882 audire,
632 1826 690 1884 pro
718 1806 803 1865 dicto
830 1807 953 1883 accepit
980 1807 1064 1884 quod
1093 1807 1166 1867 risu

160 1911 396 1989 suspicabatur3
421 1911 674 1989 promissumque
693 1911 742 1970 ius
761 1910 927 1971 anulorum
947 1930 1018 1970 cum
1037 1911 1165 1973 milibus
1176 1930 1205 1976 10

159 2017 382 2094 quadringenis
404 2017 490 2077 fama
510 2017 645 2077 distulit.

112 2135 141 2187 34
198 2122 284 2183 Ordo
319 2128 352 2181 et
385 2140 508 2181 summa
543 2141 648 2182 rerum
683 2141 761 2199 quas
800 2122 948 2201 deinceps
986 2123 1087 2199 gessit
1121 2123 1166 2185 sic

160 2245 192 2286 se
213 2227 341 2287 habent.
382 2226 543 2302 Picenum,
564 2227 740 2301 Umbriam,
760 2226 922 2286 Etruriam
942 2229 1109 2306 occupavit
1134 2233 1167 2289 et

160 2332 257 2392 Lucio
284 2331 436 2407 Domitio,
459 2331 516 2408 qui
543 2351 599 2409 per
627 2331 801 2392 tumultum
825 2350 985 2391 successor
1014 2333 1043 2392 ei
1069 2334 1167 2393 nomi-

102 2509 107 2521 ·
159 2443 252 2498 natus
273 2436 447 2497 Corfinium
468 2437 626 2514 praesidio
648 2435 785 2511 tenebat,
807 2436 841 2495 in
862 2437 1019 2497 dicionem
1040 2439 1206 2499 1011001011)

159 2548 253 2620 atque
284 2541 416 2601 dimisso
448 2541 620 2601 secundum
651 2543 807 2619 Superum
839 2560 924 2602 mare
960 2543 1166 2603 Brundisium

160 2647 388 2725 tetenditque
411 2647 553 2706 consules
579 2647 811 2724 Pompeiusque
837 2647 1044 2724 confugerant
1070 2667 1165 2726 quam

74 2774 77 2781 *
139 2753 297 2831 eprimum
317 2732 563 2813 transfretaturi.
617 2752 685 2811 Hos
707 2752 829 2812 frustra
856 2753 1037 2830 peremnis
1062 2773 1164 2815 moras

160 2858 247 2919 exitu
274 2858 439 2936 prohibere
469 2863 598 2918 conatus
628 2858 763 2917 Romam
791 2857 853 2917 iter
882 2859 1040 2919 convertit
1061 2860 1168 2938 appel·

159 2962 295 3040 latisque
325 2964 365 3022 de
397 2981 431 3022 re
463 2962 590 3041 publica
617 2961 761 3040 patribus
790 2962 1005 3024 validissimas
1034 2964 1204 3044 Pompeiae

159 3069 274 3147 copias,
288 3088 369 3146 quae
389 3068 446 3128 sub
465 3067 566 3128 tribus
587 3067 701 3144 legatis
721 3069 765 3128 M.
781 3068 910 3128 Petreio
933 3075 965 3129 et
980 3071 1015 3129 L.
1031 3071 1166 3130 Afranio

159 3179 190 3234 et
204 3175 248 3234 M.
264 3175 405 3234 Varrone
426 3173 460 3232 in
474 3173 632 3251 Hispania
650 3178 749 3247 erant,
764 3173 893 3250 invasit,
908 3174 1071 3251 professus
1091 3181 1165 3236 ante

158 3279 241 3340 inter
262 3298 334 3339 suos
359 3279 418 3339 ire
439 3297 477 3338 00
498 3279 546 3338 ad
568 3278 780 3338 exercitum
802 3279 885 3339 sine
906 3279 997 3340 duce
1018 3286 1055 3341 et
1079 3280 1166 3341 inde

159 3403 395 3445 reversurum
422 3384 467 3444 ad
499 3384 631 3443 ducem
659 3383 742 3443 sine
770 3384 950 3444 exercitu.
1000 3387 1043 3446 Et
1071 3406 1167 3464 quan-

158 3509 252 3567 quam
279 3489 441 3551 obsidione
469 3489 641 3564 Massiliae,
667 3508 747 3567 quae
775 3488 836 3548 sibi
861 3489 895 3548 in
919 3489 1034 3550 itinere
1057 3499 1204 3569 portasse

160 3595 323 3671 clauserat,
352 3613 536 3672 summaque
568 3594 796 3654 frumentariae
830 3594 877 3654 rei
911 3595 1044 3673 penuria
1071 3602 1165 3658 retar-

158 3699 253 3762 dante
273 3699 365 3760 breri
386 3706 492 3760 tamen
514 3700 619 3760 omnia
640 3699 773 3776 subegit.
