2678 4140
154 199 174 262 4
221 211 251 263 c.
278 211 434 262 sunrom
456 211 684 273 sauronam
708 212 756 261 nn
781 209 872 261 vrrs
896 190 1102 263 1111111111

154 383 263 460 Magni
286 382 457 443 Alexandri
486 382 621 459 imagine
643 382 798 460 ingemuit
819 388 852 442 et
876 383 968 460 quasi
995 388 1160 462 pertaesus

154 487 311 566 ignaviam
332 506 429 562 suam,
444 489 527 565 quod
549 487 629 546 nihil
649 489 724 546 dum
741 507 760 547 a
778 507 810 547 se
833 487 1035 549 memorabile
1053 494 1160 550 actum

154 599 238 654 esset
268 593 302 652 111
333 599 437 654 aetate
465 612 527 670 qua
557 592 620 653 iam
654 593 833 654 Alexander
865 594 977 655 orbem.
1003 599 1161 655 terrarum

154 699 338 776 subegisset,
367 698 548 759 missionem
575 699 723 758 continuo
751 697 938 776 efflagitavit
964 699 1006 759 ad
1035 704 1161 778 captan-

128 804 209 864 odas
234 824 328 882 quam
353 805 490 882 primum
518 803 671 863 maiorum
693 822 797 863 rerum
818 804 995 864 occasiones
1017 803 1052 863 in
1073 805 1158 865 urbo.

154 909 260 969 Etiam
288 910 453 970 confusum
481 929 552 969 eum
581 909 702 969 somnio
730 909 891 986 proximae
919 909 1182 970 noctis-noma

154 1015 240 1074 visus
260 1021 327 1076 erat
347 1034 404 1092 per
425 1015 564 1092 quietem
584 1020 729 1091 stuprum
747 1014 841 1074 matri
859 1014 1160 1076 intulisse—coiea

154 1126 237 1180 tores
257 1121 299 1182 ad
319 1120 546 1198 amplissimam
568 1139 656 1196 spem
678 1119 891 1178 incitaverunt
910 1119 1078 1179 arbitrium
1100 1127 1160 1181 ter-

154 1245 259 1286 rarum
270 1226 353 1286 orbis
369 1226 514 1303 portendi
529 1226 785 1302 interpretantes,
797 1225 923 1302 quando
938 1231 1048 1302 mater,
1062 1245 1158 1304 quam

116 1343 145 1389 10
154 1331 326 1392 subiectam
347 1331 408 1390 sibi
422 1331 564 1404 vidisset,
584 1349 646 1389 uon
665 1329 728 1390 alia
749 1336 833 1389 esset
854 1349 948 1407 quam
968 1336 1062 1406 terra,
1077 1350 1157 1408 quae

154 1436 293 1496 omnium
310 1454 422 1513 parens
442 1436 618 1496 haberetur.
661 1435 824 1494 Decedens
845 1454 918 1512 ergo
936 1441 1011 1496 ante
1030 1441 1156 1514 tempus
1181 1449 1196 1500 8

154 1542 290 1602 colonias
305 1541 434 1601 Latinas
449 1542 488 1601 de
503 1541 639 1618 petenda
653 1541 782 1600 civitate
795 1541 953 1616 agitantes
969 1541 1051 1601 adiit
1065 1547 1099 1602 et
1117 1543 1157 1602 ad

152 1647 331 1707 audendum
355 1646 475 1723 aliquid
498 1647 694 1720 concitasset,
714 1646 776 1704 nisi
798 1647 940 1706 consules
963 1647 1156 1724 conscriptas

153 1752 187 1811 in
201 1752 344 1813 Ciliciam
361 1751 499 1827 legiones
519 1751 681 1828 paulisper
695 1751 735 1810 ob
749 1751 781 1808 id
801 1751 906 1828 ipsum
920 1751 1135 1812 retinuissent.

115 1874 144 1919 11
192 1858 260 1918 Nec
279 1876 315 1917 1ο
334 1857 432 1916 setius
453 1857 570 1916 maiora
589 1875 660 1915 mox
680 1856 714 1913 in
732 1856 807 1915 urbe
828 1855 956 1916 molitus
974 1862 1039 1916 est:
1063 1857 1157 1934 siqui·
1181 1872 1196 1921 1

152 1963 225 2023 dem
242 1968 316 2023 ante
335 1981 449 2039 paucos
471 1962 538 2020 dies
561 1981 654 2038 quam
673 1961 870 2020 aedilitatem
890 1961 994 2036 iniret,
1014 1963 1104 2022 venit
1123 1963 1157 2022 in

154 2068 364 2146 suspicionem
392 2067 586 2144 conspirasse
616 2086 686 2126 cum
715 2068 822 2126 Marco
851 2067 964 2126 Crasso
989 2068 1156 2143 consulari,

153 2174 230 2233 item
243 2172 358 2232 Publio
373 2172 460 2232 Sulla
471 2178 503 2232 et
519 2174 552 2230 L.
566 2172 721 2231 Autronio
736 2178 809 2248 post
823 2172 1074 2247 designationem
1089 2192 1157 2233 con·

154 2280 274 2339 sulatus
291 2277 428 2338 ambitus
448 2277 672 2351 condemnatis,
688 2283 724 2338 ut
743 2277 899 2355 principio
918 2277 993 2337 anni
1012 2285 1156 2338 senatum

114 2384 351 2444 madorirentur
365 2389 397 2443 et
416 2383 581 2442 trucidatis
597 2401 675 2459 quos
696 2383 848 2460 placitum
863 2389 947 2442 11111
965 2383 1156 2444 dictaturam

154 2492 284 2550 Crassus
299 2488 471 2562 invaderet,
486 2488 554 2564 ipse
573 2488 663 2546 abeo
678 2487 828 2563 magister
842 2488 985 2564 equitum
999 2488 1156 2549 diceretur

154 2595 386 2670 constitutaque
401 2593 441 2653 ad
457 2592 623 2652 arbitrium
639 2612 671 2652 re
689 2593 815 2669 publica
834 2593 938 2652 Sullae
953 2598 985 2653 et
999 2594 1156 2653 Autronio

154 2700 333 2760 consulatus
366 2698 594 2758 resti-tueretur.
651 2698 864 2757 Meminerunt
894 2697 987 2756 huius
1019 2699 1178 2761 coniuraa

87 2790 94 2809 ³
153 2807 248 2867 tionis
277 2805 433 2865 Tanusius
463 2803 614 2862 Coruinus
643 2803 675 2860 111
700 2804 842 2877 historia,
868 2805 993 2863 Marcus
1023 2804 1154 2864 Bibulus

113 2912 187 2971 asin
207 2911 329 2984 edictis,
352 2910 384 2969 C.
408 2909 502 2968 Curio
527 2915 617 2984 pater
641 2908 674 2966 111
696 2909 898 2968 orationibus.
941 2910 989 2968 De
1014 2909 1073 2970 hac
1098 2909 1156 2986 sig·

152 3017 280 3078 nificare
294 3016 420 3074 videtur
439 3020 471 3073 et
493 3014 601 3072 Cicero
623 3014 655 3071 111
673 3015 808 3089 quadam
826 3014 865 3073 ad
881 3014 998 3072 Axium
1018 3015 1155 3092 epistula

153 3123 294 3184 referens
314 3122 478 3181 Caesarem
502 3120 536 3177 in
557 3119 721 3179 consulatu
743 3119 942 3180 confirmasse
964 3139 1095 3197 regnum
1116 3121 1154 3188 de

153 3248 215 3306 quo
235 3227 346 3288 aedilis
373 3226 533 3302 cogitarat.
577 3224 733 3284 Tanusius
757 3225 855 3284 adicit
880 3226 1028 3285 Crassum
1052 3226 1155 3304 paeni-

153 3334 254 3394 tentia
278 3333 328 3393 vel
354 3338 441 3392 metu
469 3331 552 3390 diem
578 3330 665 3390 caedi
690 3330 884 3391 destinatum
909 3350 971 3389 non
996 3331 1099 3414 obisse
1124 3337 1155 3391 et

114 3440 269 3502 ccidcirco
294 3458 332 3498 ne
358 3438 521 3498 Caesarem
547 3436 674 3514 quidem
700 3435 824 3512 signum
849 3436 932 3512 quod
956 3437 997 3496 ab
1023 3456 1059 3497 eo
1087 3436 1154 3498 dari

154 3550 341 3608 convenerat
355 3543 478 3603 dedisse
490 3565 496 3615 3
517 3541 698 3601 convenisse
710 3547 815 3600 autem
830 3541 925 3600 Curio
938 3541 985 3600 ait
999 3548 1035 3603 ut
1050 3548 1154 3618 togam

153 3653 192 3714 de
206 3669 313 3716 umero
328 3649 472 3708 deiceret.
516 3647 606 3706 Idem
621 3646 715 3705 Curio
730 3647 784 3705 sed
799 3652 832 3707 et
846 3649 889 3705 M.
907 3646 1054 3707 Actorius
1068 3649 1176 3709 Nasos
