<?xml version="1.0" encoding="UTF-8"?>
<!DOCTYPE html PUBLIC "-//W3C//DTD XHTML 1.0 Transitional//EN"
    "http://www.w3.org/TR/xhtml1/DTD/xhtml1-transitional.dtd">
<html xmlns="http://www.w3.org/1999/xhtml" xml:lang="en" lang="en">
 <head>
  <title>
</title>
<meta http-equiv="Content-Type" content="text/html;charset=utf-8" />
  <meta name='ocr-system' content='tesseract 3.04.00' />
  <meta name='ocr-capabilities' content='ocr_page ocr_carea ocr_par ocr_line ocrx_word'/>
</head>
<body>
  <div class='ocr_page' id='page_1' title='image "./gaisuetonitranq01suetgoog_0167.png"; bbox 0 0 2678 4140; ppageno 0'>
   <div class='ocr_carea' id='block_1_1' title="bbox 154 248 1114 356">
    <p class='ocr_par' dir='ltr' id='par_1_1' title="bbox 154 248 1114 356">
     <span class='ocr_line' id='line_1_1' title="bbox 154 248 1114 356; baseline 0.001 -45"><span class='ocrx_word' id='word_1_1' title='bbox 154 248 196 312; x_wconf 84' lang='lat'>98</span> <span class='ocrx_word' id='word_1_2' title='bbox 237 260 266 311; x_wconf 88' lang='lat' dir='ltr'>c.</span> <span class='ocrx_word' id='word_1_3' title='bbox 293 259 448 311; x_wconf 81' lang='lat' dir='ltr'>suarem</span> <span class='ocrx_word' id='word_1_4' title='bbox 471 259 698 322; x_wconf 73' lang='lat' dir='ltr'>raauoomm</span> <span class='ocrx_word' id='word_1_5' title='bbox 721 261 884 356; x_wconf 64' lang='lat' dir='ltr'>namra</span> <span class='ocrx_word' id='word_1_6' title='bbox 907 261 1114 313; x_wconf 76' lang='lat' dir='ltr'>cassanum</span> 
     </span>
    </p>
   </div>
   <div class='ocr_carea' id='block_1_2' title="bbox 96 431 1208 3772">
    <p class='ocr_par' dir='ltr' id='par_1_2' title="bbox 96 431 1208 3772">
     <span class='ocr_line' id='line_1_2' title="bbox 152 431 1157 512; baseline 0.002 -20"><span class='ocrx_word' id='word_1_7' title='bbox 152 431 248 509; x_wconf 92' lang='lat' dir='ltr'>paulo</span> <span class='ocrx_word' id='word_1_8' title='bbox 261 431 416 492; x_wconf 88' lang='lat' dir='ltr'>infirmius</span> <span class='ocrx_word' id='word_1_9' title='bbox 431 432 667 510; x_wconf 84' lang='lat' dir='ltr'>expavescebat,</span> <span class='ocrx_word' id='word_1_10' title='bbox 678 438 714 493; x_wconf 90' lang='lat' dir='ltr'>ut</span> <span class='ocrx_word' id='word_1_11' title='bbox 725 452 848 511; x_wconf 82' lang='lat' dir='ltr'><strong>semper</strong></span> <span class='ocrx_word' id='word_1_12' title='bbox 861 439 895 494; x_wconf 89' lang='lat' dir='ltr'>et</span> <span class='ocrx_word' id='word_1_13' title='bbox 907 432 1024 510; x_wconf 91' lang='lat' dir='ltr'>ubique</span> <span class='ocrx_word' id='word_1_14' title='bbox 1038 432 1157 512; x_wconf 88' lang='lat' dir='ltr'>pellem</span> 
     </span>
     <span class='ocr_line' id='line_1_3' title="bbox 153 536 1156 616; baseline 0.002 -20"><span class='ocrx_word' id='word_1_15' title='bbox 153 536 247 596; x_wconf 90' lang='lat' dir='ltr'>vituli</span> <span class='ocrx_word' id='word_1_16' title='bbox 268 537 381 598; x_wconf 86' lang='lat' dir='ltr'>marini</span> <span class='ocrx_word' id='word_1_17' title='bbox 403 537 619 598; x_wconf 81' lang='lat' dir='ltr'>circumferret</span> <span class='ocrx_word' id='word_1_18' title='bbox 637 558 694 616; x_wconf 92' lang='lat' dir='ltr'>pro</span> <span class='ocrx_word' id='word_1_19' title='bbox 709 539 846 598; x_wconf 89' lang='lat' dir='ltr'>remedio</span> <span class='ocrx_word' id='word_1_20' title='bbox 866 544 961 616; x_wconf 91' lang='lat' dir='ltr'>atque</span> <span class='ocrx_word' id='word_1_21' title='bbox 974 539 1016 598; x_wconf 88' lang='lat' dir='ltr'>ad</span> <span class='ocrx_word' id='word_1_22' title='bbox 1030 558 1156 598; x_wconf 90' lang='lat' dir='ltr'>omnem</span> 
     </span>
     <span class='ocr_line' id='line_1_4' title="bbox 153 643 1156 720; baseline 0.004 -20"><span class='ocrx_word' id='word_1_23' title='bbox 153 643 279 703; x_wconf 91' lang='lat' dir='ltr'>maioris</span> <span class='ocrx_word' id='word_1_24' title='bbox 301 643 500 720; x_wconf 80' lang='lat' dir='ltr'>tempestatis</span> <span class='ocrx_word' id='word_1_25' title='bbox 521 643 730 720; x_wconf 80' lang='lat' dir='ltr'>suspicionem</span> <span class='ocrx_word' id='word_1_26' title='bbox 744 643 777 702; x_wconf 92' lang='lat' dir='ltr'>in</span> <span class='ocrx_word' id='word_1_27' title='bbox 791 643 933 704; x_wconf 91' lang='lat' dir='ltr'>abditum</span> <span class='ocrx_word' id='word_1_28' title='bbox 947 649 980 703; x_wconf 93' lang='lat' dir='ltr'>et</span> <span class='ocrx_word' id='word_1_29' title='bbox 997 663 1156 704; x_wconf 85' lang='lat' dir='ltr'>concama</span> 
     </span>
     <span class='ocr_line' id='line_1_5' title="bbox 153 749 1155 827; baseline 0.001 -19"><span class='ocrx_word' id='word_1_30' title='bbox 153 754 256 808; x_wconf 87' lang='lat' dir='ltr'>ratum</span> <span class='ocrx_word' id='word_1_31' title='bbox 276 749 379 809; x_wconf 92' lang='lat' dir='ltr'>locum</span> <span class='ocrx_word' id='word_1_32' title='bbox 396 767 429 808; x_wconf 90' lang='lat' dir='ltr'>se</span> <span class='ocrx_word' id='word_1_33' title='bbox 444 749 606 826; x_wconf 89' lang='lat' dir='ltr'>reciperet,</span> <span class='ocrx_word' id='word_1_34' title='bbox 621 755 837 809; x_wconf 88' lang='lat' dir='ltr'>consternatus</span> <span class='ocrx_word' id='word_1_35' title='bbox 858 749 934 809; x_wconf 92' lang='lat' dir='ltr'>olim</span> <span class='ocrx_word' id='word_1_36' title='bbox 954 767 1011 827; x_wconf 88' lang='lat' dir='ltr'>per</span> <span class='ocrx_word' id='word_1_37' title='bbox 1031 754 1155 809; x_wconf 88' lang='lat' dir='ltr'>noctur-</span> 
     </span>
     <span class='ocr_line' id='line_1_6' title="bbox 128 854 943 931; baseline 0 -17"><span class='ocrx_word' id='word_1_38' title='bbox 128 867 227 914; x_wconf 79' lang='lat' dir='ltr'>onum</span> <span class='ocrx_word' id='word_1_39' title='bbox 242 854 302 913; x_wconf 95' lang='lat' dir='ltr'>iter</span> <span class='ocrx_word' id='word_1_40' title='bbox 316 860 498 915; x_wconf 88' lang='lat' dir='ltr'>transcursu</span> <span class='ocrx_word' id='word_1_41' title='bbox 512 854 657 931; x_wconf 88' lang='lat' dir='ltr'>fulguris,</span> <span class='ocrx_word' id='word_1_42' title='bbox 671 860 708 914; x_wconf 90' lang='lat' dir='ltr'>ut</span> <span class='ocrx_word' id='word_1_43' title='bbox 722 854 943 931; x_wconf 82' lang='lat' dir='ltr'><strong>praediximus.</strong></span> 
     </span>
     <span class='ocr_line' id='line_1_7' title="bbox 194 959 1208 1037; baseline 0 -17"><span class='ocrx_word' id='word_1_44' title='bbox 194 960 321 1020; x_wconf 88' lang='lat' dir='ltr'>Somnia</span> <span class='ocrx_word' id='word_1_45' title='bbox 351 979 453 1037; x_wconf 89' lang='lat' dir='ltr'>neque</span> <span class='ocrx_word' id='word_1_46' title='bbox 481 979 537 1020; x_wconf 88' lang='lat' dir='ltr'>sua</span> <span class='ocrx_word' id='word_1_47' title='bbox 566 979 667 1037; x_wconf 92' lang='lat' dir='ltr'>neque</span> <span class='ocrx_word' id='word_1_48' title='bbox 698 960 801 1020; x_wconf 90' lang='lat' dir='ltr'>aliena</span> <span class='ocrx_word' id='word_1_49' title='bbox 829 960 868 1019; x_wconf 91' lang='lat' dir='ltr'>de</span> <span class='ocrx_word' id='word_1_50' title='bbox 897 979 930 1021; x_wconf 92' lang='lat' dir='ltr'>se</span> <span class='ocrx_word' id='word_1_51' title='bbox 956 959 1151 1037; x_wconf 86' lang='lat' dir='ltr'><strong>neglegebat.</strong></span> <span class='ocrx_word' id='word_1_52' title='bbox 1175 971 1208 1020; x_wconf 79' lang='grc'>91</span> 
     </span>
     <span class='ocr_line' id='line_1_8' title="bbox 151 1064 1153 1145; baseline 0.002 -21"><span class='ocrx_word' id='word_1_53' title='bbox 151 1064 352 1145; x_wconf 84' lang='lat' dir='ltr'><strong>Philippensi</strong></span> <span class='ocrx_word' id='word_1_54' title='bbox 375 1066 441 1126; x_wconf 89' lang='lat' dir='ltr'>acie</span> <span class='ocrx_word' id='word_1_55' title='bbox 466 1066 609 1143; x_wconf 86' lang='lat' dir='ltr'>quamvis</span> <span class='ocrx_word' id='word_1_56' title='bbox 638 1066 802 1126; x_wconf 80' lang='lat' dir='ltr'>statuisset</span> <span class='ocrx_word' id='word_1_57' title='bbox 828 1085 892 1125; x_wconf 92' lang='lat' dir='ltr'>non</span> <span class='ocrx_word' id='word_1_58' title='bbox 918 1065 1025 1142; x_wconf 86' lang='lat' dir='ltr'><strong>egredi</strong></span> <span class='ocrx_word' id='word_1_59' title='bbox 1052 1066 1153 1126; x_wconf 88' lang='lat' dir='ltr'>taber-</span> 
     </span>
     <span class='ocr_line' id='line_1_9' title="bbox 96 1170 1152 1248; baseline 0 -18"><span class='ocrx_word' id='word_1_60' title='bbox 96 1186 101 1196; x_wconf 84' lang='lat'>·</span> <span class='ocrx_word' id='word_1_61' title='bbox 150 1170 262 1232; x_wconf 84' lang='lat' dir='ltr'>maculo</span> <span class='ocrx_word' id='word_1_62' title='bbox 289 1177 419 1248; x_wconf 91' lang='lat' dir='ltr'>propter</span> <span class='ocrx_word' id='word_1_63' title='bbox 442 1171 658 1246; x_wconf 84' lang='lat' dir='ltr'>valitudinem,</span> <span class='ocrx_word' id='word_1_64' title='bbox 680 1189 822 1248; x_wconf 89' lang='lat' dir='ltr'>egressus</span> <span class='ocrx_word' id='word_1_65' title='bbox 850 1176 898 1230; x_wconf 88' lang='lat' dir='ltr'>est</span> <span class='ocrx_word' id='word_1_66' title='bbox 925 1176 1031 1230; x_wconf 89' lang='lat' dir='ltr'>tamen</span> <span class='ocrx_word' id='word_1_67' title='bbox 1058 1171 1152 1232; x_wconf 91' lang='lat' dir='ltr'>amici</span> 
     </span>
     <span class='ocr_line' id='line_1_10' title="bbox 151 1276 1150 1354; baseline 0.002 -20"><span class='ocrx_word' id='word_1_68' title='bbox 151 1276 272 1339; x_wconf 89' lang='lat' dir='ltr'>somnio</span> <span class='ocrx_word' id='word_1_69' title='bbox 293 1276 449 1350; x_wconf 90' lang='lat' dir='ltr'>monitus;</span> <span class='ocrx_word' id='word_1_70' title='bbox 477 1276 632 1353; x_wconf 82' lang='lat' dir='ltr'>cessitque</span> <span class='ocrx_word' id='word_1_71' title='bbox 654 1295 703 1335; x_wconf 91' lang='lat' dir='ltr'>res</span> <span class='ocrx_word' id='word_1_72' title='bbox 727 1294 876 1353; x_wconf 88' lang='lat' dir='ltr'>prospere</span> <span class='ocrx_word' id='word_1_73' title='bbox 899 1276 1024 1352; x_wconf 90' lang='lat' dir='ltr'>quando</span> <span class='ocrx_word' id='word_1_74' title='bbox 1049 1277 1150 1354; x_wconf 88' lang='lat' dir='ltr'>captis</span> 
     </span>
     <span class='ocr_line' id='line_1_11' title="bbox 114 1381 1153 1467; baseline 0.003 -28"><span class='ocrx_word' id='word_1_75' title='bbox 114 1395 143 1440; x_wconf 90' lang='lat'>10</span> <span class='ocrx_word' id='word_1_76' title='bbox 151 1381 262 1442; x_wconf 90' lang='lat' dir='ltr'>castris</span> <span class='ocrx_word' id='word_1_77' title='bbox 287 1381 398 1441; x_wconf 81' lang='lat' dir='ltr'>lectica</span> <span class='ocrx_word' id='word_1_78' title='bbox 421 1381 498 1467; x_wconf 85' lang='lat' dir='ltr'>eius,</span> <span class='ocrx_word' id='word_1_79' title='bbox 523 1382 613 1458; x_wconf 90' lang='lat' dir='ltr'>quasi</span> <span class='ocrx_word' id='word_1_80' title='bbox 637 1381 682 1440; x_wconf 94' lang='lat' dir='ltr'>ibi</span> <span class='ocrx_word' id='word_1_81' title='bbox 706 1381 822 1441; x_wconf 90' lang='lat' dir='ltr'>cubans</span> <span class='ocrx_word' id='word_1_82' title='bbox 847 1381 1058 1456; x_wconf 84' lang='lat' dir='ltr'>remansisset,</span> <span class='ocrx_word' id='word_1_83' title='bbox 1083 1400 1153 1442; x_wconf 93' lang='lat' dir='ltr'>con·</span> 
     </span>
     <span class='ocr_line' id='line_1_12' title="bbox 150 1486 1152 1564; baseline 0.002 -20"><span class='ocrx_word' id='word_1_84' title='bbox 150 1503 243 1544; x_wconf 91' lang='lat' dir='ltr'>cursu</span> <span class='ocrx_word' id='word_1_85' title='bbox 270 1486 409 1546; x_wconf 91' lang='lat' dir='ltr'>hostium</span> <span class='ocrx_word' id='word_1_86' title='bbox 437 1486 581 1546; x_wconf 88' lang='lat' dir='ltr'>confossa</span> <span class='ocrx_word' id='word_1_87' title='bbox 607 1491 702 1563; x_wconf 90' lang='lat' dir='ltr'>atque</span> <span class='ocrx_word' id='word_1_88' title='bbox 730 1486 866 1546; x_wconf 90' lang='lat' dir='ltr'>lacerata</span> <span class='ocrx_word' id='word_1_89' title='bbox 891 1491 949 1545; x_wconf 90' lang='lat' dir='ltr'>est.</span> <span class='ocrx_word' id='word_1_90' title='bbox 992 1487 1068 1564; x_wconf 89' lang='lat' dir='ltr'>Ipse</span> <span class='ocrx_word' id='word_1_91' title='bbox 1094 1506 1152 1564; x_wconf 86' lang='lat' dir='ltr'>per</span> 
     </span>
     <span class='ocr_line' id='line_1_13' title="bbox 150 1591 1152 1669; baseline 0 -19"><span class='ocrx_word' id='word_1_92' title='bbox 150 1609 240 1650; x_wconf 94' lang='lat' dir='ltr'>omne</span> <span class='ocrx_word' id='word_1_93' title='bbox 255 1610 310 1651; x_wconf 89' lang='lat' dir='ltr'>ver</span> <span class='ocrx_word' id='word_1_94' title='bbox 330 1591 467 1669; x_wconf 89' lang='lat' dir='ltr'>plurima</span> <span class='ocrx_word' id='word_1_95' title='bbox 487 1593 520 1651; x_wconf 82' lang='lat' dir='ltr'>e&#39;t</span> <span class='ocrx_word' id='word_1_96' title='bbox 535 1591 836 1651; x_wconf 72' lang='lat' dir='ltr'>formidulosissima</span> <span class='ocrx_word' id='word_1_97' title='bbox 856 1597 889 1652; x_wconf 90' lang='lat' dir='ltr'>et</span> <span class='ocrx_word' id='word_1_98' title='bbox 909 1610 990 1652; x_wconf 89' lang='lat' dir='ltr'>vana</span> <span class='ocrx_word' id='word_1_99' title='bbox 1009 1597 1042 1652; x_wconf 86' lang='lat' dir='ltr'>et</span> <span class='ocrx_word' id='word_1_100' title='bbox 1060 1591 1152 1651; x_wconf 90' lang='lat' dir='ltr'>irrita</span> 
     </span>
     <span class='ocr_line' id='line_1_14' title="bbox 148 1695 1173 1774; baseline -0.001 -20"><span class='ocrx_word' id='word_1_101' title='bbox 148 1695 286 1771; x_wconf 86' lang='lat' dir='ltr'>videbat,</span> <span class='ocrx_word' id='word_1_102' title='bbox 308 1697 429 1774; x_wconf 88' lang='lat' dir='ltr'>reliquo</span> <span class='ocrx_word' id='word_1_103' title='bbox 453 1702 594 1774; x_wconf 90' lang='lat' dir='ltr'>tempore</span> <span class='ocrx_word' id='word_1_104' title='bbox 622 1696 740 1756; x_wconf 88' lang='lat' dir='ltr'>rariora</span> <span class='ocrx_word' id='word_1_105' title='bbox 760 1702 793 1756; x_wconf 92' lang='lat' dir='ltr'>et</span> <span class='ocrx_word' id='word_1_106' title='bbox 813 1696 917 1756; x_wconf 93' lang='lat' dir='ltr'>minus</span> <span class='ocrx_word' id='word_1_107' title='bbox 938 1715 1027 1757; x_wconf 88' lang='lat' dir='ltr'>vana.</span> <span class='ocrx_word' id='word_1_108' title='bbox 1070 1697 1173 1758; x_wconf 83' lang='lat' dir='ltr'>Cuma</span> 
     </span>
     <span class='ocr_line' id='line_1_15' title="bbox 148 1800 1152 1879; baseline 0.002 -19"><span class='ocrx_word' id='word_1_109' title='bbox 148 1800 325 1862; x_wconf 86' lang='lat' dir='ltr'>dedicatam</span> <span class='ocrx_word' id='word_1_110' title='bbox 339 1802 373 1861; x_wconf 90' lang='lat' dir='ltr'>in</span> <span class='ocrx_word' id='word_1_111' title='bbox 390 1802 546 1879; x_wconf 83' lang='lat' dir='ltr'>Capitolio</span> <span class='ocrx_word' id='word_1_112' title='bbox 566 1803 675 1861; x_wconf 90' lang='lat' dir='ltr'>aedem</span> <span class='ocrx_word' id='word_1_113' title='bbox 696 1803 832 1861; x_wconf 83' lang='lat' dir='ltr'>Tonanti</span> <span class='ocrx_word' id='word_1_114' title='bbox 853 1802 924 1862; x_wconf 90' lang='lat' dir='ltr'>Iovi</span> <span class='ocrx_word' id='word_1_115' title='bbox 943 1802 1070 1862; x_wconf 88' lang='lat' dir='ltr'>assidue</span> <span class='ocrx_word' id='word_1_116' title='bbox 1090 1802 1152 1862; x_wconf 88' lang='lat' dir='ltr'>fre·</span> 
     </span>
     <span class='ocr_line' id='line_1_16' title="bbox 107 1907 1150 1984; baseline 0.003 -19"><span class='ocrx_word' id='word_1_117' title='bbox 107 1913 324 1984; x_wconf 62' lang='lat' dir='ltr'>‘mquentaret</span> <span class='ocrx_word' id='word_1_118' title='bbox 346 1908 514 1968; x_wconf 84' lang='lat' dir='ltr'>somniavit</span> <span class='ocrx_word' id='word_1_119' title='bbox 535 1907 624 1984; x_wconf 93' lang='lat' dir='ltr'>queri</span> <span class='ocrx_word' id='word_1_120' title='bbox 644 1908 859 1984; x_wconf 78' lang='lat' dir='ltr'>Capitolinum</span> <span class='ocrx_word' id='word_1_121' title='bbox 883 1909 992 1968; x_wconf 90' lang='lat' dir='ltr'>Iovem</span> <span class='ocrx_word' id='word_1_122' title='bbox 1014 1909 1150 1968; x_wconf 86' lang='lat' dir='ltr'>cultores</span> 
     </span>
     <span class='ocr_line' id='line_1_17' title="bbox 149 2012 1150 2090; baseline 0.001 -18"><span class='ocrx_word' id='word_1_123' title='bbox 149 2012 209 2072; x_wconf 92' lang='lat' dir='ltr'>sibi</span> <span class='ocrx_word' id='word_1_124' title='bbox 229 2012 342 2073; x_wconf 90' lang='lat' dir='ltr'>abduci</span> <span class='ocrx_word' id='word_1_125' title='bbox 364 2031 458 2090; x_wconf 89' lang='lat' dir='ltr'>seque</span> <span class='ocrx_word' id='word_1_126' title='bbox 479 2012 677 2090; x_wconf 90' lang='lat' dir='ltr'>respondisse</span> <span class='ocrx_word' id='word_1_127' title='bbox 699 2013 873 2072; x_wconf 86' lang='lat' dir='ltr'>Tonantem</span> <span class='ocrx_word' id='word_1_128' title='bbox 894 2032 951 2090; x_wconf 92' lang='lat' dir='ltr'>pro</span> <span class='ocrx_word' id='word_1_129' title='bbox 972 2013 1106 2073; x_wconf 89' lang='lat' dir='ltr'>ianitore</span> <span class='ocrx_word' id='word_1_130' title='bbox 1120 2013 1150 2073; x_wconf 93' lang='lat' dir='ltr'>ei</span> 
     </span>
     <span class='ocr_line' id='line_1_18' title="bbox 147 2117 1150 2196; baseline 0 -18"><span class='ocrx_word' id='word_1_131' title='bbox 147 2118 345 2196; x_wconf 85' lang='lat' dir='ltr'>appositum3</span> <span class='ocrx_word' id='word_1_132' title='bbox 374 2118 505 2195; x_wconf 92' lang='lat' dir='ltr'>ideoque</span> <span class='ocrx_word' id='word_1_133' title='bbox 530 2138 602 2177; x_wconf 89' lang='lat' dir='ltr'>mox</span> <span class='ocrx_word' id='word_1_134' title='bbox 630 2117 851 2178; x_wconf 91' lang='lat' dir='ltr'>tintinnabulis</span> <span class='ocrx_word' id='word_1_135' title='bbox 876 2117 1040 2195; x_wconf 88' lang='lat' dir='ltr'>fastigium</span> <span class='ocrx_word' id='word_1_136' title='bbox 1061 2119 1150 2178; x_wconf 89' lang='lat' dir='ltr'>aedis</span> 
     </span>
     <span class='ocr_line' id='line_1_19' title="bbox 148 2222 1149 2300; baseline 0.002 -18"><span class='ocrx_word' id='word_1_137' title='bbox 148 2223 288 2283; x_wconf 88' lang='lat' dir='ltr'>redimiit</span> <span class='ocrx_word' id='word_1_138' title='bbox 302 2223 386 2300; x_wconf 92' lang='lat' dir='ltr'>quod</span> <span class='ocrx_word' id='word_1_139' title='bbox 399 2243 436 2283; x_wconf 91' lang='lat' dir='ltr'>ea</span> <span class='ocrx_word' id='word_1_140' title='bbox 450 2224 517 2282; x_wconf 85' lang='lat' dir='ltr'>fere</span> <span class='ocrx_word' id='word_1_141' title='bbox 534 2223 637 2283; x_wconf 90' lang='lat' dir='ltr'>ianuis</span> <span class='ocrx_word' id='word_1_142' title='bbox 657 2222 884 2300; x_wconf 90' lang='lat' dir='ltr'>dependebant.</span> <span class='ocrx_word' id='word_1_143' title='bbox 926 2225 975 2282; x_wconf 83' lang='lat' dir='ltr'>Ex</span> <span class='ocrx_word' id='word_1_144' title='bbox 995 2229 1149 2284; x_wconf 91' lang='lat' dir='ltr'>nocturno</span> 
     </span>
     <span class='ocr_line' id='line_1_20' title="bbox 148 2328 1150 2406; baseline 0.002 -18"><span class='ocrx_word' id='word_1_145' title='bbox 148 2329 219 2388; x_wconf 90' lang='lat' dir='ltr'>visu</span> <span class='ocrx_word' id='word_1_146' title='bbox 246 2328 341 2388; x_wconf 91' lang='lat' dir='ltr'>etiam</span> <span class='ocrx_word' id='word_1_147' title='bbox 369 2329 485 2406; x_wconf 93' lang='lat' dir='ltr'>stipem</span> <span class='ocrx_word' id='word_1_148' title='bbox 512 2328 679 2406; x_wconf 92' lang='lat' dir='ltr'>quotannis</span> <span class='ocrx_word' id='word_1_149' title='bbox 704 2328 755 2388; x_wconf 91' lang='lat' dir='ltr'>die</span> <span class='ocrx_word' id='word_1_150' title='bbox 780 2334 863 2388; x_wconf 87' lang='lat' dir='ltr'>certo</span> <span class='ocrx_word' id='word_1_151' title='bbox 891 2328 1108 2390; x_wconf 90' lang='lat' dir='ltr'>emendicabat</span> <span class='ocrx_word' id='word_1_152' title='bbox 1131 2350 1150 2390; x_wconf 90' lang='lat' dir='ltr'>a</span> 
     </span>
     <span class='ocr_line' id='line_1_21' title="bbox 109 2433 1084 2512; baseline -0.003 -15"><span class='ocrx_word' id='word_1_153' title='bbox 109 2433 264 2512; x_wconf 78' lang='lat' dir='ltr'>apopulo</span> <span class='ocrx_word' id='word_1_154' title='bbox 286 2453 393 2494; x_wconf 84' lang='lat' dir='ltr'>cavam</span> <span class='ocrx_word' id='word_1_155' title='bbox 415 2453 541 2494; x_wconf 89' lang='lat' dir='ltr'>manum</span> <span class='ocrx_word' id='word_1_156' title='bbox 562 2453 647 2494; x_wconf 90' lang='lat' dir='ltr'>asses</span> <span class='ocrx_word' id='word_1_157' title='bbox 669 2433 900 2510; x_wconf 86' lang='lat' dir='ltr'>porrigentibus</span> <span class='ocrx_word' id='word_1_158' title='bbox 922 2434 1084 2511; x_wconf 89' lang='lat' dir='ltr'>praebens.</span> 
     </span>
     <span class='ocr_line' id='line_1_22' title="bbox 187 2538 1205 2617; baseline -0.001 -20"><span class='ocrx_word' id='word_1_159' title='bbox 187 2539 339 2616; x_wconf 89' lang='lat' dir='ltr'>Auspicia</span> <span class='ocrx_word' id='word_1_160' title='bbox 349 2545 381 2599; x_wconf 91' lang='lat' dir='ltr'>et</span> <span class='ocrx_word' id='word_1_161' title='bbox 392 2539 496 2599; x_wconf 90' lang='lat' dir='ltr'>omina</span> <span class='ocrx_word' id='word_1_162' title='bbox 506 2538 659 2616; x_wconf 89' lang='lat' dir='ltr'>quaedam</span> <span class='ocrx_word' id='word_1_163' title='bbox 673 2558 731 2617; x_wconf 91' lang='lat' dir='ltr'>pro</span> <span class='ocrx_word' id='word_1_164' title='bbox 746 2539 929 2598; x_wconf 90' lang='lat' dir='ltr'>certissimis</span> <span class='ocrx_word' id='word_1_165' title='bbox 944 2540 1148 2602; x_wconf 84' lang='lat' dir='ltr'>observabat:</span> <span class='ocrx_word' id='word_1_166' title='bbox 1171 2545 1205 2596; x_wconf 80' lang='lat'>92</span> 
     </span>
     <span class='ocr_line' id='line_1_23' title="bbox 116 2644 1149 2723; baseline 0.002 -20"><span class='ocrx_word' id='word_1_167' title='bbox 116 2667 118 2671; x_wconf 66' lang='grc'>’</span> <span class='ocrx_word' id='word_1_168' title='bbox 147 2644 175 2704; x_wconf 93' lang='lat' dir='ltr'>si</span> <span class='ocrx_word' id='word_1_169' title='bbox 196 2663 286 2704; x_wconf 89' lang='lat' dir='ltr'>mane</span> <span class='ocrx_word' id='word_1_170' title='bbox 306 2644 366 2704; x_wconf 92' lang='lat' dir='ltr'>sibi</span> <span class='ocrx_word' id='word_1_171' title='bbox 383 2645 504 2704; x_wconf 90' lang='lat' dir='ltr'>calceus</span> <span class='ocrx_word' id='word_1_172' title='bbox 525 2663 690 2722; x_wconf 85' lang='lat' dir='ltr'>perperam</span> <span class='ocrx_word' id='word_1_173' title='bbox 704 2663 740 2703; x_wconf 90' lang='lat' dir='ltr'>ac</span> <span class='ocrx_word' id='word_1_174' title='bbox 757 2644 885 2704; x_wconf 91' lang='lat' dir='ltr'>sinister</span> <span class='ocrx_word' id='word_1_175' title='bbox 901 2664 959 2723; x_wconf 87' lang='lat' dir='ltr'>pro</span> <span class='ocrx_word' id='word_1_176' title='bbox 975 2645 1088 2706; x_wconf 84' lang='lat' dir='ltr'>dextro</span> <span class='ocrx_word' id='word_1_177' title='bbox 1105 2645 1149 2705; x_wconf 92' lang='lat' dir='ltr'>in-</span> 
     </span>
     <span class='ocr_line' id='line_1_24' title="bbox 147 2749 1149 2825; baseline 0.002 -16"><span class='ocrx_word' id='word_1_178' title='bbox 147 2751 321 2825; x_wconf 86' lang='lat' dir='ltr'>duceretur,</span> <span class='ocrx_word' id='word_1_179' title='bbox 335 2755 372 2809; x_wconf 90' lang='lat' dir='ltr'>ut</span> <span class='ocrx_word' id='word_1_180' title='bbox 389 2749 509 2824; x_wconf 80' lang='lat' dir='ltr'>dirum3</span> <span class='ocrx_word' id='word_1_181' title='bbox 532 2751 559 2809; x_wconf 92' lang='lat' dir='ltr'>si</span> <span class='ocrx_word' id='word_1_182' title='bbox 573 2756 657 2810; x_wconf 91' lang='lat' dir='ltr'>terra</span> <span class='ocrx_word' id='word_1_183' title='bbox 677 2750 795 2809; x_wconf 84' lang='lat' dir='ltr'>marive</span> <span class='ocrx_word' id='word_1_184' title='bbox 816 2749 1012 2825; x_wconf 90' lang='lat' dir='ltr'>ingrediente</span> <span class='ocrx_word' id='word_1_185' title='bbox 1032 2770 1065 2810; x_wconf 89' lang='lat' dir='ltr'>se</span> <span class='ocrx_word' id='word_1_186' title='bbox 1084 2751 1149 2811; x_wconf 91' lang='lat' dir='ltr'>lon-</span> 
     </span>
     <span class='ocr_line' id='line_1_25' title="bbox 147 2854 1149 2932; baseline 0.002 -18"><span class='ocrx_word' id='word_1_187' title='bbox 147 2855 296 2932; x_wconf 90' lang='lat' dir='ltr'>ginquam</span> <span class='ocrx_word' id='word_1_188' title='bbox 320 2855 548 2932; x_wconf 86' lang='lat' dir='ltr'>profectionem</span> <span class='ocrx_word' id='word_1_189' title='bbox 572 2855 654 2914; x_wconf 86' lang='lat' dir='ltr'>forte</span> <span class='ocrx_word' id='word_1_190' title='bbox 678 2860 823 2929; x_wconf 88' lang='lat' dir='ltr'>rorasset‚</span> <span class='ocrx_word' id='word_1_191' title='bbox 847 2859 884 2913; x_wconf 90' lang='lat' dir='ltr'>ut</span> <span class='ocrx_word' id='word_1_192' title='bbox 907 2854 1025 2914; x_wconf 89' lang='lat' dir='ltr'>laetum</span> <span class='ocrx_word' id='word_1_193' title='bbox 1050 2862 1149 2916; x_wconf 92' lang='lat' dir='ltr'>matu-</span> 
     </span>
     <span class='ocr_line' id='line_1_26' title="bbox 108 2959 1148 3039; baseline 0.003 -20"><span class='ocrx_word' id='word_1_194' title='bbox 108 2961 236 3037; x_wconf 77' lang='lat' dir='ltr'>aurique</span> <span class='ocrx_word' id='word_1_195' title='bbox 263 2966 295 3020; x_wconf 92' lang='lat' dir='ltr'>et</span> <span class='ocrx_word' id='word_1_196' title='bbox 325 2960 467 3037; x_wconf 92' lang='lat' dir='ltr'>prosperi</span> <span class='ocrx_word' id='word_1_197' title='bbox 497 2961 626 3020; x_wconf 90' lang='lat' dir='ltr'>reditus.</span> <span class='ocrx_word' id='word_1_198' title='bbox 669 2960 730 3019; x_wconf 88' lang='lat' dir='ltr'>Sed</span> <span class='ocrx_word' id='word_1_199' title='bbox 757 2965 789 3019; x_wconf 92' lang='lat' dir='ltr'>et</span> <span class='ocrx_word' id='word_1_200' title='bbox 816 2959 949 3019; x_wconf 90' lang='lat' dir='ltr'>ostentis</span> <span class='ocrx_word' id='word_1_201' title='bbox 980 2961 1148 3039; x_wconf 89' lang='lat' dir='ltr'>praecipue</span> 
     </span>
     <span class='ocr_line' id='line_1_27' title="bbox 147 3065 1149 3142; baseline 0.003 -18"><span class='ocrx_word' id='word_1_202' title='bbox 147 3065 338 3125; x_wconf 88' lang='lat' dir='ltr'>movebatur.</span> <span class='ocrx_word' id='word_1_203' title='bbox 380 3066 515 3126; x_wconf 82' lang='lat' dir='ltr'>Enatam</span> <span class='ocrx_word' id='word_1_204' title='bbox 542 3065 625 3125; x_wconf 91' lang='lat' dir='ltr'>inter</span> <span class='ocrx_word' id='word_1_205' title='bbox 649 3065 808 3125; x_wconf 90' lang='lat' dir='ltr'>iuncturas</span> <span class='ocrx_word' id='word_1_206' title='bbox 834 3065 975 3142; x_wconf 90' lang='lat' dir='ltr'>lapidum</span> <span class='ocrx_word' id='word_1_207' title='bbox 998 3071 1073 3126; x_wconf 90' lang='lat' dir='ltr'>ante</span> <span class='ocrx_word' id='word_1_208' title='bbox 1097 3066 1149 3126; x_wconf 84' lang='lat' dir='ltr'>do</span> 
     </span>
     <span class='ocr_line' id='line_1_28' title="bbox 147 3171 1148 3249; baseline 0.003 -20"><span class='ocrx_word' id='word_1_209' title='bbox 147 3191 233 3230; x_wconf 91' lang='lat' dir='ltr'>mum</span> <span class='ocrx_word' id='word_1_210' title='bbox 258 3190 346 3230; x_wconf 90' lang='lat' dir='ltr'>suam</span> <span class='ocrx_word' id='word_1_211' title='bbox 374 3172 512 3249; x_wconf 91' lang='lat' dir='ltr'>palmam</span> <span class='ocrx_word' id='word_1_212' title='bbox 536 3171 569 3229; x_wconf 93' lang='lat' dir='ltr'>in</span> <span class='ocrx_word' id='word_1_213' title='bbox 594 3171 795 3248; x_wconf 83' lang='lat' dir='ltr'>compluvium</span> <span class='ocrx_word' id='word_1_214' title='bbox 823 3171 951 3230; x_wconf 92' lang='lat' dir='ltr'>deorum</span> <span class='ocrx_word' id='word_1_215' title='bbox 979 3171 1148 3232; x_wconf 89' lang='lat' dir='ltr'>Penatium</span> 
     </span>
     <span class='ocr_line' id='line_1_29' title="bbox 147 3265 1171 3354; baseline 0 -20"><span class='ocrx_word' id='word_1_216' title='bbox 147 3276 311 3335; x_wconf 88' lang='lat' dir='ltr'>transtulit</span> <span class='ocrx_word' id='word_1_217' title='bbox 329 3282 426 3354; x_wconf 91' lang='lat' dir='ltr'>utque</span> <span class='ocrx_word' id='word_1_218' title='bbox 442 3276 628 3336; x_wconf 88' lang='lat' dir='ltr'>coalesceret</span> <span class='ocrx_word' id='word_1_219' title='bbox 643 3295 753 3351; x_wconf 88' lang='lat' dir='ltr'>magno</span> <span class='ocrx_word' id='word_1_220' title='bbox 768 3294 860 3353; x_wconf 92' lang='lat' dir='ltr'>opere</span> <span class='ocrx_word' id='word_1_221' title='bbox 879 3275 1008 3335; x_wconf 89' lang='lat' dir='ltr'>curavit.</span> <span class='ocrx_word' id='word_1_222' title='bbox 1040 3265 1171 3354; x_wconf 82' lang='lat' dir='ltr'>¹Apuda</span> 
     </span>
     <span class='ocr_line' id='line_1_30' title="bbox 147 3380 1149 3460; baseline 0.003 -21"><span class='ocrx_word' id='word_1_223' title='bbox 147 3380 283 3442; x_wconf 91' lang='lat' dir='ltr'>insulam</span> <span class='ocrx_word' id='word_1_224' title='bbox 302 3383 437 3460; x_wconf 85' lang='lat' dir='ltr'>Capreas</span> <span class='ocrx_word' id='word_1_225' title='bbox 458 3381 643 3441; x_wconf 87' lang='lat' dir='ltr'>veterrimae</span> <span class='ocrx_word' id='word_1_226' title='bbox 666 3380 747 3454; x_wconf 88' lang='lat' dir='ltr'>ilicis</span> <span class='ocrx_word' id='word_1_227' title='bbox 769 3380 921 3440; x_wconf 89' lang='lat' dir='ltr'>demissos</span> <span class='ocrx_word' id='word_1_228' title='bbox 944 3381 1007 3440; x_wconf 90' lang='lat' dir='ltr'>iam</span> <span class='ocrx_word' id='word_1_229' title='bbox 1024 3382 1065 3441; x_wconf 92' lang='lat' dir='ltr'>ad</span> <span class='ocrx_word' id='word_1_230' title='bbox 1089 3387 1149 3442; x_wconf 87' lang='lat' dir='ltr'>ter-</span> 
     </span>
     <span class='ocr_line' id='line_1_31' title="bbox 108 3485 1148 3563; baseline 0.001 -17"><span class='ocrx_word' id='word_1_231' title='bbox 108 3499 215 3546; x_wconf 77' lang='lat' dir='ltr'>aoram</span> <span class='ocrx_word' id='word_1_232' title='bbox 236 3487 475 3563; x_wconf 89' lang='lat' dir='ltr'>languentisque</span> <span class='ocrx_word' id='word_1_233' title='bbox 494 3504 597 3545; x_wconf 91' lang='lat' dir='ltr'>ramos</span> <span class='ocrx_word' id='word_1_234' title='bbox 618 3485 811 3545; x_wconf 89' lang='lat' dir='ltr'>convaluisse</span> <span class='ocrx_word' id='word_1_235' title='bbox 832 3486 971 3545; x_wconf 89' lang='lat' dir='ltr'>adventu</span> <span class='ocrx_word' id='word_1_236' title='bbox 991 3505 1048 3546; x_wconf 91' lang='lat' dir='ltr'>suo</span> <span class='ocrx_word' id='word_1_237' title='bbox 1070 3487 1148 3547; x_wconf 91' lang='lat' dir='ltr'>adeo</span> 
     </span>
     <span class='ocr_line' id='line_1_32' title="bbox 147 3589 1150 3668; baseline 0.002 -18"><span class='ocrx_word' id='word_1_238' title='bbox 147 3592 283 3650; x_wconf 82' lang='lat' dir='ltr'>laetatus</span> <span class='ocrx_word' id='word_1_239' title='bbox 304 3596 409 3650; x_wconf 88' lang='lat' dir='ltr'>estut</span> <span class='ocrx_word' id='word_1_240' title='bbox 431 3609 483 3650; x_wconf 91' lang='lat' dir='ltr'>eas</span> <span class='ocrx_word' id='word_1_241' title='bbox 506 3590 630 3650; x_wconf 71' lang='lat' dir='ltr'>cum&#39;re</span> <span class='ocrx_word' id='word_1_242' title='bbox 653 3609 682 3666; x_wconf 92' lang='lat' dir='ltr'>p.</span> <span class='ocrx_word' id='word_1_243' title='bbox 697 3589 978 3667; x_wconf 87' lang='lat' dir='ltr'>Neapolitanorum</span> <span class='ocrx_word' id='word_1_244' title='bbox 993 3597 1150 3668; x_wconf 88' lang='lat' dir='ltr'>permuta-</span> 
     </span>
     <span class='ocr_line' id='line_1_33' title="bbox 146 3693 1149 3772; baseline 0 -16"><span class='ocrx_word' id='word_1_245' title='bbox 146 3695 229 3756; x_wconf 87' lang='lat' dir='ltr'>verit</span> <span class='ocrx_word' id='word_1_246' title='bbox 251 3695 386 3755; x_wconf 83' lang='lat' dir='ltr'>Aenaria</span> <span class='ocrx_word' id='word_1_247' title='bbox 399 3695 481 3755; x_wconf 89' lang='lat' dir='ltr'>data.</span> <span class='ocrx_word' id='word_1_248' title='bbox 524 3693 719 3755; x_wconf 89' lang='lat' dir='ltr'>Observabat</span> <span class='ocrx_word' id='word_1_249' title='bbox 735 3701 767 3755; x_wconf 91' lang='lat' dir='ltr'>et</span> <span class='ocrx_word' id='word_1_250' title='bbox 781 3695 848 3754; x_wconf 91' lang='lat' dir='ltr'>dies</span> <span class='ocrx_word' id='word_1_251' title='bbox 863 3694 1025 3772; x_wconf 89' lang='lat' dir='ltr'>quosdam,</span> <span class='ocrx_word' id='word_1_252' title='bbox 1039 3714 1080 3756; x_wconf 92' lang='lat' dir='ltr'>ne</span> <span class='ocrx_word' id='word_1_253' title='bbox 1093 3701 1149 3756; x_wconf 89' lang='lat' dir='ltr'>aut</span> 
     </span>
    </p>
   </div>
   <div class='ocr_carea' id='block_1_3' title="bbox 0 0 1344 4140">
    <p class='ocr_par' dir='ltr' id='par_1_3' title="bbox 0 0 1344 4140">
     <span class='ocr_line' id='line_1_34' title="bbox 0 0 1344 4140; baseline 0 1"><span class='ocrx_word' id='word_1_254' title='bbox 0 0 1344 4140; x_wconf 95' lang='lat' dir='ltr'> </span> 
     </span>
    </p>
   </div>
  </div>
 </body>
</html>
