2678 4140
166 117 207 180 26
248 128 280 179 C.
304 128 460 179 SUETONI
482 130 709 191 TRANQUIIrLI
733 131 782 180 Du
806 131 897 181 VITA
920 131 1125 184 CAESARUM

165 306 238 378 post
266 306 330 360 tres
358 300 472 360 liberos
500 302 657 377 exegisset
687 321 817 362 uxorem
849 308 882 362 et
912 322 1006 381 quem
1038 323 1169 380 gemens

164 406 353 482 Aegisthum
374 407 534 484 appellare
556 413 745 482 consuesset,
766 408 833 467 eius
855 415 965 485 postea
984 409 1085 468 filiam
1113 430 1169 487 po'

165 512 282 571 tentiae
298 511 471 589 cupiditate
486 512 520 570 in
538 513 773 572 matrimonium
790 514 968 591 recepisset.
1012 515 1073 574 Sed
1090 521 1192 575 antea

163 617 241 677 alias
274 617 387 677 dilexit
418 618 518 678 Marci
553 619 644 677 Bruti
679 624 812 678 matrem
841 619 1018 694 Serviliam,
1049 620 1100 679 cui
1132 627 1165 681 et

139 723 306 798 sproximo
334 742 390 782 suo
418 724 582 783 consulatu
611 724 774 800 sexagiens
804 725 985 784 sestertium
1018 726 1166 801 margari-

163 833 228 886 tam
253 834 407 888 mercatus
429 835 478 888 est
499 835 531 887 et
552 829 634 888 bello
656 830 743 888 civili
764 849 858 908 super
878 830 956 891 alias
978 831 1163 892 donationes

162 933 358 1010 amplissima
378 933 506 1010 praedia
527 953 565 1020 ex
592 935 789 994 auctionibus
817 935 928 994 hastae
956 935 1086 994 minimo
1112 937 1164 995 ad-

162 1039 262 1112 dixit3
284 1058 354 1097 cum
371 1040 497 1115 quidem
518 1039 677 1117 plerisque
695 1039 854 1100 vilitatem
874 1041 1061 1101 mirantibus
1084 1041 1164 1101 face-

162 1144 284 1203 tissime
306 1145 423 1219 Cicera,
445 1145 522 1214 Quo
551 1144 703 1219 melius,
732 1145 845 1222 inquit,
868 1151 1037 1223 emptum
1068 1147 1163 1207 scia·

124 1249 231 1324 lotis,
268 1251 397 1309 tertia
431 1251 624 1325 deducta3
660 1251 900 1310 existimabatur
921 1252 1006 1310 enim
1028 1252 1161 1311 Servilia

161 1355 256 1414 etiam
269 1355 368 1414 filiam
383 1374 472 1414 suam
486 1356 626 1416 Tertiam
642 1357 768 1415 Caesari
784 1357 957 1416 conciliare.

200 1461 249 1518 Ne
264 1460 509 1536 provincialibus
527 1461 655 1537 quidem
675 1461 883 1520 matrimoniis
901 1461 1093 1520 abstinuisse
1110 1461 1160 1520 vel
1182 1475 1218 1524 51

159 1564 218 1623 hoc
252 1565 388 1623 disticho
422 1571 554 1642 apparet
589 1565 705 1624 iactato
740 1585 839 1642 aeque
867 1585 886 1626 a
914 1566 1069 1625 militibus
1104 1585 1160 1643 per

161 1670 318 1729 Gallicum
333 1670 545 1746 triumphum:

123 1828 151 1873 15
217 1825 367 1898 Urbani,
386 1832 534 1884 servate
555 1845 707 1884 uxores:
734 1815 923 1885 moechum
943 1827 1085 1887 calvom
1106 1828 1160 1886 ad-

790 1932 971 1990 ducimus.

214 2036 354 2093 Aurum
386 2036 424 2093 in
455 2036 581 2094 Gallia
615 2036 829 2110 effutuisti,
863 2036 924 2095 hic
956 2038 1159 2114 sumpsisti

788 2147 963 2200 mutuum.

197 2300 319 2359 Dilexit
334 2308 366 2359 ct
381 2301 512 2375 reginae,
525 2302 608 2360 inter
622 2319 699 2377 quas
715 2303 846 2360 Eunoen
861 2304 1005 2361 Mauram
1020 2303 1158 2378 Bogudis
1180 2314 1214 2364 ta

119 2419 294 2480 aouxorem,
324 2406 373 2464 cui
402 2407 576 2482 maritoque
605 2407 671 2464 eius
700 2407 838 2483 plurima
867 2412 898 2466 et
926 2408 1079 2468 immensa
1107 2409 1159 2467 tri-

157 2510 235 2585 buit,
256 2517 293 2569 ut
319 2512 406 2569 Naso
434 2511 579 2588 scripsit,
601 2513 656 2570 sed
685 2513 821 2571 maxime
850 2512 1058 2591 Cleopatram,
1089 2532 1158 2572 cum

156 2634 218 2692 qua
242 2623 274 2675 et
299 2616 442 2675 convivia
466 2617 500 2675 in
524 2617 659 2694 primam
687 2617 789 2676 lucem
819 2637 911 2695 saepe
940 2618 1098 2695 protraxit
1126 2625 1158 2678 et

155 2722 264 2780 eadem
278 2741 358 2781 nave
372 2722 549 2801 thalamego
564 2742 662 2799 paene
679 2724 849 2800 Aethiopia
864 2729 956 2782 tenus
973 2724 1157 2801 Aegyptum

155 2828 342 2904 penetravit,
363 2828 427 2886 nisi
448 2829 603 2887 exercitus
626 2829 715 2905 sequi
738 2836 922 2904 recusasset,
951 2848 1046 2906 quam
1074 2830 1158 2889 deni-

117 2945 215 3009 25que
242 2933 375 2992 accitam
402 2933 436 2991 in
467 2933 576 2992 urbem
612 2953 674 2991 non
707 2934 771 2992 nisi
806 2935 951 2993 maximis
986 2935 1155 2994 honoribus

155 3038 364 3115 praemiisque
392 3044 517 3098 auctam
538 3039 661 3098 remisit
680 3039 844 3116 filiumque
865 3045 975 3099 natum
996 3041 1156 3117 appellare

153 3144 279 3203 nomine
308 3163 363 3203 suo
391 3163 502 3221 passus
525 3150 581 3203 est.
625 3145 724 3214 Quem
746 3146 874 3221 quidem
896 3145 1040 3203 nonnulli
1063 3146 1178 3206 Grae-2

154 3268 260 3308 corum
288 3250 424 3309 similem
459 3271 582 3327 quoque
617 3251 743 3310 Caesari
772 3257 804 3309 et
839 3251 942 3311 forma
971 3257 1003 3310 et
1032 3251 1156 3310 incessu

154 3357 360 3416 tradiderunt.
403 3359 446 3416 Μ.
477 3357 634 3416 Antonius
663 3357 828 3431 adgnitum
856 3358 952 3416 etiam
980 3357 1020 3415 ab
1048 3376 1084 3416 eo
1113 3375 1156 3415 se-

113 3462 242 3522 ronatui
269 3463 457 3537 adfirmavit,
480 3482 559 3538 quae
588 3463 667 3521 scire
690 3462 722 3521 C.
748 3463 884 3520 Matium
906 3469 937 3521 et
960 3462 992 3521 C.
1016 3462 1155 3539 Oppium

152 3568 353 3645 reliquosque
385 3568 527 3627 Caesaris
559 3567 693 3640 amicos;
729 3586 862 3642 quorum
893 3567 990 3626 Gaius
1023 3567 1154 3645 Oppius,

133 3862 201 3986 ἱ
