2678 4140
154 241 194 306 12
235 252 267 305 c.
291 253 448 306 suurorn
470 253 698 316 rannonnm
721 253 770 304 nn
794 253 884 305 vrrs
906 253 1110 306 censensu

153 427 301 505 cultuque
329 428 471 487 Romano
505 426 686 487 institutam
719 432 751 487 et
779 432 921 488 ornatam
948 432 1060 505 postea
1089 425 1154 486 uni·

152 551 276 593 versam
286 533 415 593 civitate
423 532 562 592 donavit.
604 533 672 592 Nec
686 532 799 592 deinde
811 532 879 592 ulla
892 531 969 593 belli
983 532 1176 608 occasiones

152 656 192 698 ne
209 637 321 698 iniusti
335 638 462 715 quidem
480 656 517 697 ac
532 637 709 716 periculosi,
723 636 887 714 abstinuit,
902 642 969 698 tam
983 637 1153 698 foederatis

153 762 247 821 quam
268 743 395 803 infestis
414 762 451 803 ac
473 743 550 803 feris
570 742 716 819 gentibus
735 743 820 803 ultro
839 740 1005 818 lacessitis,
1023 743 1102 804 adso
1118 748 1155 803 ut

128 855 280 912 asenatus
304 849 463 927 quondam
487 848 607 926 legatos
621 849 662 908 ad
685 848 912 927 explorandum
939 854 1060 910 statum
1084 848 1156 909 Gal-

152 955 265 1014 liarum
280 955 451 1015 mittendos
470 953 646 1015 decreverit
661 973 699 1014 ac
718 954 863 1015 nonnulli
883 955 1064 1015 dedendum
1085 972 1156 1015 eum

151 1060 294 1120 hostibus
307 1060 506 1132 censuerint.
549 1060 610 1119 Sed
633 1079 782 1138 prospere
802 1060 983 1120 cedentibus
1009 1059 1101 1120 rebus
1124 1064 1157 1120 et

152 1165 277 1243 saepius
312 1171 345 1226 et
373 1165 513 1244 plurium
540 1185 636 1244 quam
663 1166 829 1244 quisquam
857 1185 1007 1244 umquam
1033 1165 1156 1226 dierum

152 1270 398 1349 supplicationes
420 1271 613 1349 impetravit.

115 1387 144 1434 ιο
193 1376 301 1437 Gessit
328 1382 435 1437 autem
461 1395 575 1436 novem
602 1376 693 1436 annis
721 1376 835 1455 quibus
863 1376 896 1435 in
926 1376 1061 1455 imperio
1093 1376 1199 1436 suita

151 1481 228 1543 haec
250 1483 325 1542 fere.

193 1588 326 1649 Omnem
361 1587 498 1649 Galliam
530 1607 610 1665 quae
646 1589 730 1648 saltu
763 1588 926 1668 Pyrenaeo
959 1588 1158 1668 Alpibusque

152 1699 185 1754 et
209 1699 316 1753 monte
341 1693 496 1768 Cebenna,
516 1693 699 1754 fluminibus
722 1694 833 1753 Rheno
853 1713 890 1754 ac
914 1694 1069 1754 Rhodano
1091 1713 1158 1754 con-

153 1799 273 1858 tinetur
289 1804 440 1877 patetque
458 1799 592 1858 circuitu
609 1800 650 1859 ad
670 1799 774 1864 biset
795 1799 901 1860 tricies
923 1805 1050 1859 centum
1071 1799 1158 1859 milia
1194 1814 1199 1859 f

116 1923 144 1968 le
153 1923 312 1981 passuum,
337 1910 462 1982 praeter
490 1905 589 1965 socias
617 1924 654 1965 ac
681 1905 760 1965 bene
788 1906 916 1965 meritas
945 1905 1101 1981 civitates,
1125 1904 1157 1963 in

153 2018 333 2095 provinciae
350 2018 485 2078 formam
504 2019 626 2095 redegit
645 2019 736 2096 eique
755 1997 845 2101 l-c'cc'cl
857 2019 891 2077 in
906 2018 1046 2095 singulos
1060 2036 1158 2078 annos

154 2123 305 2201 stipendii
318 2123 444 2183 nomine
459 2124 608 2202 inposuit.
652 2125 825 2185 Germanos
840 2124 895 2202 qui
909 2129 996 2184 trans
1012 2124 1180 2183 Rhenum2

154 2228 295 2288 incolunt
319 2228 439 2307 primus
462 2230 676 2290 Romanorum
696 2236 792 2308 ponte
813 2229 968 2289 fabricato
991 2229 1157 2305 adgressus

154 2333 299 2394 maximis
327 2334 447 2394 adfecit
475 2335 635 2411 cladibus3
664 2337 830 2411 adgressus
855 2341 904 2395 est
931 2339 964 2394 et
988 2333 1157 2394 Britannos

116 2440 277 2516 aoignctos
291 2447 385 2501 antea
399 2442 617 2519 superatisque
632 2442 780 2520 pecunias
793 2447 825 2501 et
833 2440 956 2500 obsides
971 2439 1158 2516 imperavit;

155 2565 210 2624 per
232 2551 279 2605 tot
302 2565 462 2606 successus
482 2552 532 2607 ter
553 2566 611 2606 nec
634 2547 771 2624 amplius
792 2547 960 2607 adversum
981 2563 1089 2604 casum
1111 2562 1160 2603 ex·

155 2658 281 2730 pertus:
317 2652 350 2711 in
378 2652 545 2713 Britannia
572 2654 671 2714 classe
700 2653 733 2711 vi
760 2651 959 2729 tempestatis
984 2669 1083 2729 prope
1110 2649 1160 2710 ab

156 2765 282 2836 sumpta
306 2765 338 2818 et
363 2759 396 2817 in
420 2759 525 2818 Gallia
546 2760 586 2818 ad
612 2758 801 2835 Gergoviam
827 2757 948 2832 legione
973 2756 1047 2816 fusa
1071 2760 1104 2816 et
1128 2755 1160 2814 in

156 2864 384 2924 Germanorum
405 2864 520 2924 finibus
546 2865 670 2924 Titurio
693 2871 725 2923 et
740 2862 953 2921 Aurunculeio
971 2861 1085 2938 legatis
1105 2878 1161 2939 per

116 2970 285 3034 reinsidias
302 2970 408 3030 caesis.

195 3076 315 3135 Eodem
340 3076 491 3154 temporis
515 3077 617 3155 spatio
640 3082 773 3136 matrem
790 3076 902 3153 prime,
918 3073 1032 3133 deinde
1050 3071 1160 3145 filiam,
1182 3073 1199 3124 2

155 3199 213 3240 nec
227 3182 327 3242 multo
342 3187 415 3259 post
428 3188 576 3260 nepotem
594 3182 710 3242 amisit.
753 3183 843 3241 Inter
857 3198 946 3257 quae,
962 3183 1162 3239 consternata

156 3286 251 3346 Publi
276 3287 366 3346 Clodi
391 3288 484 3348 caede
508 3306 540 3347 re
564 3287 699 3366 publica,
723 3306 794 3346 cum
822 3291 949 3347 senatus
973 3302 1072 3369 unum
1094 3291 1162 3343 con-

157 3393 257 3453 sulem
271 3393 519 3471 nominatimque
535 3395 677 3454 Gnaeum
692 3393 878 3470 Pompeium
892 3391 962 3452 fieri
977 3389 1160 3475 censuisset,

118 3499 223 3575 coegit
251 3517 321 3558 cum
350 3499 486 3559 tribunis
515 3500 626 3576 plebis,
652 3499 803 3575 collegam
831 3517 864 3557 se
891 3497 1044 3575 Pompeio
1068 3493 1162 3555 desti·

156 3603 315 3678 nantibus,
335 3604 368 3662 id
387 3605 493 3681 potius
514 3605 554 3663 ad
575 3604 727 3681 populum
748 3603 869 3662 ferrent
889 3608 926 3662 ut
944 3601 1069 3662 absenti
1092 3598 1161 3673 sibi,

157 3710 344 3785 quandoque
365 3709 491 3787 imperii
512 3714 637 3786 tempus
660 3708 780 3786 expleri
803 3707 967 3785 coepisset,
982 3706 1097 3784 petitio
1118 3723 1162 3798 se·
