2678 4140
13 249 55 311 66
96 258 126 310 C.
152 259 310 310 svamm
332 258 560 321 TRANQUILLI
581 259 631 309 DE
654 259 744 309 VITA
766 258 970 311 CAESABUM

12 431 172 492 iudicandi
190 451 303 492 munus
320 432 570 492 detractantibus
587 432 641 490 vix
659 431 812 491 concessit
828 436 865 490 ut
882 431 1016 508 singulis

12 537 147 596 decuriis
170 557 227 615 per
248 538 332 596 vices
354 557 459 597 annua
479 537 601 597 vacatio
618 542 701 596 esset
721 543 754 596 et
774 543 811 596 ut
831 537 944 597 solitae
964 537 1017 614 agi

11 643 185 702 Novembri
204 662 241 702 ae
261 643 428 702 Decembri
448 661 554 702 mense
575 661 625 702 res
646 643 874 702 omitterentur.

53 749 127 826 Ipse
148 749 197 806 ius
218 747 302 808 dixit
323 749 449 808 assidue
471 748 556 807 etin
576 754 700 808 noctem
716 768 967 826 nonnumquam;
989 750 1016 808 si
1038 757 1051 806 3

1 872 123 933 ‘parum
148 874 276 932 corpore
305 855 434 929 valeret,
462 855 574 914 lectica
600 874 658 931 pro
684 854 836 914 tribunali
864 855 1016 915 collocata

11 960 62 1019 vel
79 960 175 1019 etiam
189 959 275 1018 domi
294 961 419 1019 cubans
461 961 554 1019 Dixit
568 965 675 1018 autem
695 959 744 1018 ius
765 978 828 1018 non
847 959 1015 1036 diligentia

12 1066 103 1124 modo
124 1084 246 1125 summa
267 1067 322 1125 sed
344 1072 376 1125 et
396 1066 537 1139 lenitate,
558 1064 713 1142 siquidem
734 1064 897 1124 manifesti
918 1065 1015 1142 parri-

11 1171 86 1229 cidii
107 1190 204 1245 rcum,
219 1190 257 1230 ne
279 1170 380 1230 culleo
402 1171 588 1244 insueretur,
604 1170 689 1246 quod
709 1188 772 1228 non
792 1169 855 1228 nisi
877 1170 1014 1230 confessi

9 1275 200 1335 adficiuntur
224 1277 282 1335 hac
306 1296 416 1353 poena,
441 1276 487 1334 ita
508 1276 611 1334 fertur
638 1275 863 1350 interrogasse:
893 1275 1013 1335 Certe

1 1387 167 1458 ¹patrem
195 1387 305 1439 tuum
332 1401 409 1440 non
433 1381 655 1440 occidisti?
708 1381 843 1439 Etcum
868 1379 907 1439 de
931 1380 1034 1440 falsoa

10 1490 199 1545 testamento
224 1492 369 1562 ageretur
389 1505 559 1562 omnesque
582 1486 755 1562 signatores
776 1485 845 1561 lege
866 1484 1012 1545 Cornelia

10 1597 201 1666 tenerentur,
224 1611 287 1650 non
310 1597 436 1650 tantum
463 1592 540 1651 duas
563 1591 706 1666 tabellas,
729 1590 959 1650 damnatoriam
980 1596 1012 1650 et

9 1696 243 1771 absolutoriam,
269 1696 362 1755 simul
391 1696 648 1773 cognoscentibus
676 1696 773 1769 dedit,
801 1695 856 1779 sed
884 1695 1012 1756 tertiam

9 1821 142 1879 quoque,
158 1822 220 1879 qua
239 1802 453 1879 ignosceretur
471 1803 510 1860 iis
530 1821 608 1879 quos
630 1801 741 1861 fraude
760 1801 801 1861 ad
822 1801 1012 1876 signandum

9 1909 59 1967 vel
81 1928 185 1968 errore
206 1908 351 1967 inductos
373 1907 576 1967 constitisset.
618 1906 857 1984 Appellation'es
882 1912 1033 1984 quoted-3

8 2013 58 2072 nis
85 2014 275 2073 urbanorum
303 2013 430 2090 quidem
452 2013 652 2089 'litigatorum
681 2011 819 2089 praetori
845 2011 1011 2088 delegabat

9 2119 137 2193 urban0,
147 2125 182 2178 at
195 2118 435 2196 provincialium
451 2117 665 2178 consularibus
679 2117 772 2192 viris,
778 2127 855 2194 quos
870 2116 1010 2193 singulos

9 2224 159 2300 cuiusque
173 2224 352 2301 provinciae
366 2224 500 2299 negotiis
515 2223 755 2301 praeposuisset.

49 2329 148 2404 Leges
177 2329 361 2389 retractavit
389 2335 422 2388 et
449 2329 601 2405 quasdam
624 2348 663 2387 ex
688 2328 810 2404 integro
834 2328 950 2404 sanxit,
974 2334 1011 2388 ut
1033 2335 1051 2385 3

9 2434 238 2511 sumptuariam
255 2440 287 2493 et
304 2435 343 2493 de
358 2434 530 2493 adulteriis
542 2439 573 2493 et
590 2434 629 2493 de
647 2433 809 2510 pudicitia,
823 2433 862 2492 de
878 2433 1010 2508 ambitu,

8 2539 48 2598 de
67 2538 253 2599 maritandis
271 2540 442 2598 ordinibus.
485 2541 577 2598 Hanc
597 2558 667 2598 cum
688 2538 850 2615 aliquanto
871 2538 1010 2598 severius

9 2663 104 2722 quam
139 2649 258 2704 ceteras
291 2645 497 2719 emendasset,
526 2663 601 2722 prae
629 2643 768 2703 tumultu
798 2643 1011 2703 recusantium

8 2749 149 2827 perferre
166 2769 229 2809 non
245 2751 359 2827 potuit,
377 2750 439 2809 nisi
456 2751 604 2827 adempta
621 2749 747 2808 demum
764 2749 901 2809 lenitave
919 2754 1011 2825 parte

8 2873 180 2932 poenarum
201 2861 233 2915 et
253 2856 415 2915 vacatione
437 2855 554 2914 trienni
575 2854 649 2914 data
668 2854 831 2930 auctisque
851 2853 1008 2931 praemiis.

10 2960 62 3020 Sic
75 2980 198 3038 quoquc
212 2961 415 3020 abolitionem
429 2961 495 3019 eius
510 2960 636 3037 publico
655 2958 833 3036 spectaculo
847 2958 1034 3036 pertinaci-2

9 3070 58 3126 ter
72 3066 253 3144 postulante
267 3066 382 3143 equite,
397 3066 513 3125 accitos
529 3065 708 3125 Germanici
726 3064 840 3123 liberos
858 3068 1012 3141 receptos·

10 3172 70 3248 q'ue
91 3171 208 3249 partim
228 3172 268 3230 ad
291 3191 324 3230 se
345 3172 462 3248 partim
483 3171 516 3228 in
538 3170 637 3248 patris
657 3169 810 3245 gremium
828 3168 1010 3244 ostentavit,

10 3282 104 3336 manu
118 3276 271 3354 vultuque
286 3277 464 3352 significans
479 3296 518 3335 ne
533 3280 737 3352 gravarentur
752 3273 867 3334 imitari
887 3273 1010 3334 iuvenis

10 3381 197 3460 exemplum.
241 3381 382 3458 Cumque
407 3382 502 3441 etiam
527 3380 744 3440 inmaturitate
768 3398 953 3457 sponsarum
978 3383 1011 3439 et

1 3486 280 3546 *matrimoniorum
304 3487 412 3547 crebra
434 3487 607 3546 mutatione
634 3485 700 3545 vim
727 3485 805 3561 legis
834 3484 920 3544 eludi
945 3503 1012 3544 sen-

9 3589 95 3668 tiret,
108 3598 233 3670 tempus
249 3610 379 3669 sponsas
393 3591 529 3651 habendi
545 3590 707 3666 coartavit,
722 3590 868 3650 divortiis
883 3590 1011 3650 modum

8 3693 167 3775 imposuit.
873 3725 875 3729 ¹
