2678 4140
444 256 557 306 urana
582 257 603 306 1.
640 255 753 306 nrvus
776 255 899 308 runos
1136 247 1176 310 25

143 429 269 488 aMissa
282 429 380 488 etiarn
400 425 483 488 facio
505 428 608 488 edicta
629 428 745 503 Bibuli,
762 428 876 506 quibus
897 428 1086 506 proscripsit
1106 429 1178 490 col·

173 534 288 610 legam
317 551 422 593 suum
451 533 694 611 Bithynicam
724 533 902 610 reginam,
930 533 1039 611 eique
1065 540 1177 596 antea

173 659 295 717 regem
328 638 455 698 fuisse
489 638 605 714 cordi,
634 657 734 697 nunc
767 657 852 698 esse
887 656 1053 715 regnum.
1109 639 1176 710 Quo

172 751 318 823 tempore,
329 750 367 804 ut
380 746 506 805 Marcus
519 745 638 804 Brutus
650 745 756 820 refert,
769 743 919 805 Octavius
931 743 1027 804 etiam
1037 745 1175 823 quidam,

171 851 344 912 valitudine
366 851 481 910 mentis
502 851 633 910 liberius
654 851 755 926 dicax,
771 855 928 910 conventu
946 850 1083 910 maximo
1104 868 1200 913 cums

171 957 356 1035 Pompeium
376 975 482 1034 rogem
505 955 699 1035 appellasset
720 956 825 1034 ipsum
849 955 991 1033 reginam
1014 955 1173 1016 salutavit

171 1062 230 1122 Sed
248 1062 281 1122 Ο.
300 1062 470 1122 Memmius
488 1062 584 1122 etiam
600 1062 641 1122 ad
659 1062 809 1140 cyathum
824 1062 870 1120 iet
886 1061 920 1120 vi
936 1061 1102 1121 Nicomedi
1116 1067 1176 1121 ste

170 1167 244 1227 tisse
267 1167 365 1227 obicit
390 1186 460 1226 oum
484 1167 615 1245 reliquis
640 1167 773 1227 exoletis
797 1167 892 1244 pleno
913 1166 1067 1241 convivi0,
1088 1185 1175 1226 accu-

169 1271 315 1333 bantibus
336 1272 496 1332 nonnullis
518 1273 634 1332 urbicis
655 1272 913 1348 negotiatoribus,
928 1290 1061 1349 quorum
1076 1271 1175 1330 refert

149 1378 302 1438 anomina
346 1379 455 1438 Cicero
469 1398 542 1437 vero
563 1398 626 1437 non
648 1383 813 1437 contentus
835 1377 868 1435 in
889 1377 1078 1455 quibusdam
1096 1376 1175 1454 epis
1183 1395 1212 1441 10

169 1483 243 1543 tulis
266 1483 430 1561 scripsisse
451 1503 470 1543 a
491 1483 681 1543 satellitibus
710 1502 781 1542 eum
802 1483 836 1540 in
858 1482 1035 1542 cubiculum
1052 1481 1174 1559 regium

90 1658 93 1662 ⁴
168 1589 315 1649 eductum
337 1589 371 1647 in
390 1608 484 1649 aureo
505 1589 587 1648 lecto
609 1594 697 1648 veste
725 1606 883 1666 purpurea
910 1586 1095 1647 decubuisse
1121 1587 1174 1646 flo

168 1713 295 1772 remque
308 1694 423 1754 aetatis
437 1713 457 1753 a
470 1695 592 1754 Venere
614 1693 676 1752 orti
690 1693 724 1751 in
741 1693 894 1770 Bithynia
915 1692 1172 1767 contaminatum,

168 1800 325 1876 quondam
346 1800 443 1858 etiam
463 1800 496 1858 in
518 1805 629 1859 senatu
650 1777 834 1858 defendenti
856 1798 885 1857 ei
906 1799 1014 1876 Nysae
1036 1816 1171 1872 causam,

166 1904 248 1965 filiae
262 1905 455 1980 Nicomedis,
469 1904 681 1981 beneficiaque
703 1904 784 1981 regis
803 1903 836 1961 in
851 1922 883 1962 se
898 1903 1210 1977 commemoranti31n
1295 1980 1297 1984 Ι

168 2011 346 2085 Remove,
375 2010 488 2087 inquit,
518 2010 656 2085 istaec,
685 2029 749 2068 oro
780 2014 831 2083 te,
859 2008 1010 2085 quando
1040 2013 1171 2068 notum

168 2122 238 2190 est,
263 2115 418 2192 etquid
443 2115 512 2175 ille
537 2115 612 2175 tibi
636 2121 674 2174 et
696 2115 789 2193 quid
812 2113 876 2171 illi
899 2118 983 2172 tute
1006 2113 1169 2173 dederis.

145 2221 289 2282 sGallico
312 2221 447 2298 denique
469 2221 630 2299 triumpho
652 2220 769 2279 milites
792 2219 858 2279 eius
880 2219 964 2278 inter
985 2224 1088 2278 cetera
1110 2238 1172 2278 car-
1199 2258 1216 2281 f

167 2328 259 2402 mina,
287 2328 394 2405 qualia
421 2345 546 2385 currum
581 2331 805 2404 prosequentes
838 2324 1018 2385 ioculariter
1046 2329 1170 2403 canunt,

166 2433 261 2493 etiam
275 2432 355 2492 illud
369 2431 624 2508 vulgatissimum
638 2431 939 2509 pronuntiaverunt:
1179 2448 1208 2494 ao
1246 2412 1248 2418 ¹

192 2594 343 2655 Gallias
365 2594 504 2654 Caesar
525 2593 685 2668 subegit,
707 2591 930 2651 Nicomedes
953 2590 1169 2650 Caesarem:

192 2718 275 2760 ecce
297 2699 434 2760 Caesar
460 2716 557 2756 nuno
585 2686 799 2774 triumphat
826 2697 891 2774 qui
919 2696 1068 2773 subegit
1090 2696 1170 2756 Gal-

809 2803 891 2878 lias,

191 2911 414 2972 Nicomedes
443 2929 515 2968 non
536 2909 749 2986 triumphat
770 2909 836 2986 qui
864 2908 1016 2985 subegit
1044 2908 1170 2968 Caesa-

809 3034 892 3073 rem.
1178 3018 1207 3062 25

108 3189 144 3242 50
204 3179 346 3238 Pronum
366 3182 399 3237 et
420 3181 639 3254 sumptuosum
661 3176 694 3234 in
715 3175 862 3234 libidines
892 3175 992 3234 fuisse
1021 3180 1167 3234 constans

165 3283 273 3363 opinio
296 3288 345 3343 est
366 3281 581 3361 plurimasque
603 3286 636 3339 et
656 3280 797 3339 illustres
823 3281 958 3340 feminas
982 3280 1167 3356 corrupisse,

164 3390 199 3448 in
233 3387 347 3466 quibus
382 3385 580 3446 Postumiam
615 3385 705 3445 Servi
748 3385 877 3462 Sulpici,
914 3385 1050 3445 Lolliam
1091 3385 1168 3444 Auli

165 3495 290 3570 Gabini,
327 3494 502 3554 Tertullam
536 3492 637 3552 Marci
671 3491 787 3567 Crassi,
822 3493 918 3553 etiam
951 3493 1006 3552 Cn.
1035 3491 1167 3569 Pompei

165 3603 313 3663 Muciam.
355 3601 440 3660 Nam
468 3605 551 3659 certe
578 3599 730 3676 Pompeio
758 3605 790 3658 et
817 3619 836 3659 a
861 3599 1049 3659 Curionibus
1077 3603 1206 3676 patruae

165 3713 197 3770 et
220 3707 288 3768 filio
310 3712 342 3767 et
366 3726 385 3767 a
406 3704 516 3764 multis
540 3704 765 3782 exprobratum
787 3709 836 3764 est
856 3705 940 3781 quod
965 3704 1052 3764 cuius
1075 3721 1168 3763 causa
