2678 4140
375 247 487 297 amun
511 247 545 297 11.
584 248 695 297 orvus
720 247 911 298 susurrus
1105 237 1146 302 87

157 418 355 478 enumerantis
380 418 581 495 exprobrant,
605 419 659 477 sed
684 424 716 477 et
744 419 811 477 sine
833 424 961 479 auctore
987 419 1147 480 notissimi

155 541 252 583 versus
265 547 271 582 :

152 635 237 696 Cum
258 638 429 716 primum
449 639 623 698 istorum
643 640 842 699 conduxit
862 660 998 700 mensa
1017 642 1149 701 chora

225 764 319 820 gum>

189 870 335 928 sexque
357 852 451 911 deos
473 851 584 911 vidit
604 851 749 910 Mallia
771 871 921 929 sexque
943 853 1047 928 deas,
1157 867 1172 912 r

146 952 270 1034 impia
290 957 380 1014 dum
400 956 556 1014 Phoebi
577 956 725 1015 Caesar
746 957 955 1016 mendacia
976 956 1094 1032 ludit,

187 1062 274 1119 dum
294 1080 396 1120 nova
416 1061 602 1119 divorum
624 1064 741 1119 cenat
762 1061 988 1121 adulteria:

146 1167 273 1226 omnia
294 1185 333 1226 se
353 1186 373 1226 a
394 1166 516 1225 terris
538 1171 631 1224 tunc
652 1165 810 1224 numina
831 1166 1096 1241 declinarunt,

187 1271 293 1348 fugit
314 1277 353 1330 et
373 1276 534 1330 auratos
557 1269 745 1347 Iuppiter
766 1269 852 1347 ipse
874 1271 1048 1332 thronos.

116 1412 137 1457 2
187 1405 287 1464 Auxit
302 1425 395 1465 cenae
410 1424 566 1464 rumorem
581 1424 703 1483 summa
720 1409 795 1464 tunc
815 1405 848 1462 in
870 1405 999 1466 civitate
1020 1407 1152 1485 penuria
1161 1425 1189 1470 10

149 1528 183 1570 ac
197 1511 306 1586 fames,
318 1511 591 1587 adclamatumque
606 1515 655 1569 est
669 1509 840 1587 postridie:
859 1529 968 1570 omne
988 1511 1154 1571 frumen·
1201 1509 1204 1521 '

151 1620 227 1674 tum
257 1617 349 1675 deos
383 1615 600 1675 comedisse
633 1621 671 1674 et
699 1616 905 1674 Caesarem
929 1635 1015 1675 esse
1036 1616 1153 1694 plane

152 1720 387 1798 Apollinem,
408 1721 474 1779 sed
498 1721 712 1795 Tortorem,
735 1740 797 1796 quo
819 1720 1002 1796 cognomine
1023 1721 1050 1780 is
1075 1722 1152 1780 deus

152 1827 283 1902 quadam
311 1827 345 1884 in
372 1832 462 1903 parte
490 1825 576 1884 urbis
602 1826 769 1884 colebatur.
812 1827 949 1885 Notatus
978 1832 1028 1885 est
1055 1831 1086 1886 et
1117 1833 1153 1886 ut

152 1932 304 2008 pretiosae
326 1930 533 2008 supellectilis
556 1931 854 2008 Corinthiorumque
882 1932 1091 2009 praecupidus
1120 1938 1152 1992 et
1160 1948 1189 1993 15
1220 1924 1270 1987 {s

151 2037 233 2096 aleae
248 2036 424 2112 indulgens.
467 2037 550 2096 Nam
565 2041 597 2095 et
612 2035 852 2113 proscriptionis
872 2041 1013 2113 tempore
1033 2038 1074 2096 ad
1094 2043 1154 2098 sta·

152 2145 235 2202 tuam
250 2141 317 2202 eius
331 2141 506 2220 ascriptum
525 2147 591 2201 est:

217 2264 338 2323 Pater
372 2263 638 2340 argentarius,
667 2283 735 2339 ego
770 2263 1083 2342 Corinthiarius,

154 2405 219 2445 cum
234 2387 469 2446 existimaretur
483 2387 636 2463 quosdam
651 2391 781 2463 propter
795 2405 871 2445 vasa
893 2386 1057 2446 Corinthia
1071 2387 1154 2447 inter

152 2491 341 2569 proscriptos
357 2510 481 2550 curasse
497 2491 677 2550 referendos
692 2513 698 2565 3
721 2496 753 2549 et
767 2490 880 2549 deinde
897 2491 980 2549 bello
996 2491 1191 2554 Siciliensiao
1225 2498 1227 2503 “

153 2596 343 2674 epigramma
357 2596 521 2672 vulgatum
536 2601 602 2655 est:

190 2719 404 2794 Postquam
424 2716 485 2776 bis
508 2718 636 2777 classe
658 2719 790 2778 victus
812 2737 931 2778 naves
954 2719 1144 2796 perdidit,

190 2822 408 2900 aliquando
429 2829 472 2882 ut
494 2823 630 2882 vincat
651 2823 760 2882 ludit
781 2823 945 2882 assidue
967 2824 1099 2884 aleam.

112 2965 143 3018 71
190 2955 240 3012 Ex
261 2953 374 3031 quibus
396 2953 462 3013 sive
485 2953 667 3013 criminibus
690 2953 755 3012 sive
784 2953 961 3013 maledictis
989 2953 1154 3014 infamiam

152 3058 368 3137 impudicitiae
382 3059 534 3119 facillime
549 3059 703 3119 refutavit
717 3065 750 3118 et
763 3057 939 3135 praesentis
959 3062 991 3118 et
1010 3065 1191 3136 posteraens

152 3164 236 3225 vitae
251 3165 415 3239 castitate3
436 3165 514 3225 item
528 3164 726 3224 lautitiarum
740 3164 902 3238 invidiam,
919 3183 989 3222 cum
1010 3170 1043 3224 et
1063 3165 1155 3224 Alex·
1222 3172 1249 3229 [s

152 3271 262 3331 andria
277 3276 369 3348 capta
387 3270 467 3330 nihil
485 3270 546 3330 sibi
566 3276 692 3348 praeter
712 3290 809 3330 unum
831 3269 1006 3329 murrinum
1027 3270 1155 3330 calicem

153 3395 192 3436 ex
210 3376 420 3436 instrumento
442 3376 527 3452 regio
544 3376 711 3436 retinuerit
729 3380 761 3435 et
781 3396 853 3434 mox
872 3395 948 3436 vasa
966 3394 1061 3436 aurea
1081 3375 1155 3435 assi·

153 3481 298 3541 duissimi
315 3500 391 3540 usus
411 3481 594 3541 conflaverit
612 3482 725 3540 omnia.
768 3481 858 3541 Circa
875 3480 1023 3541 libidines
1042 3481 1154 3556 haesit,
1210 3498 1233 3535 o·

153 3592 263 3665 postea
273 3605 405 3663 quoque,
415 3592 451 3645 ut
463 3572 579 3662 fciunt,
591 3587 631 3660 ad
643 3586 801 3646 vitiandas
817 3586 954 3662 virgines
970 3588 1154 3666 promptior,
1164 3613 1193 3660 30

154 3711 233 3770 quae
247 3690 309 3752 sibi
321 3692 460 3768 undique
474 3692 571 3752 etiam
584 3692 624 3751 ab
639 3711 734 3751 uxore
750 3692 1015 3769 conquirerentur.
1058 3694 1156 3754 Aleae
