2678 4140
399 164 571 215 1111111111.
608 161 934 215 11111111111111
1107 150 1168 215 101

172 354 259 397 ranae
280 355 420 398 coaxare.
462 337 515 396 Ad
533 343 680 414 quartum
702 336 840 414 lapidem
861 335 1039 413 Campanae
1053 335 1123 396 viae
1137 336 1171 395 in

169 459 291 501 nemore
312 442 481 520 prandenti
500 461 538 502 ex
558 441 719 519 inproviso
739 441 846 518 aquila
866 459 980 519 panem
1001 440 1031 500 ei
1044 459 1061 500 e
1076 459 1171 500 manu

169 547 272 624 rapuit
293 553 335 621 et,
357 566 428 607 cum
448 547 603 607 altissime
625 547 789 621 evolasset,
812 565 920 606 misus
945 565 984 605 ex
1009 545 1170 624 inproviso
1226 533 1230 542 ’

167 651 279 712 leniter
292 651 423 731 delapsa
437 653 584 713 reddidit.

142 765 158 810 8
205 758 239 828 Q.
252 758 385 818 Catulus
399 765 472 836 post
482 759 662 819 dedicatum
674 759 866 837 Capitolium
880 758 1001 819 duabus
1013 758 1194 820 continuise

167 863 310 923 noctibus
326 864 511 924 somniavit:
534 865 645 941 prima,
661 866 769 924 Iovem
784 865 948 941 Optimum
962 863 1138 923 Maximum
1152 882 1169 923 e

168 969 373 1046 praetextatis
396 970 608 1048 compluribus
631 971 747 1030 circum
761 989 848 1030 aram
869 969 1050 1029 ludentibus
1072 988 1169 1028 unum

168 1074 336 1135 secrevisse
357 1080 452 1152 atque
467 1075 581 1135 ineius
602 1076 706 1135 sinum
728 1075 852 1151 signum
869 1075 915 1134 rei
929 1094 959 1152 p.
976 1075 1060 1152 quod
1075 1093 1169 1134 manu

168 1185 304 1256 gestaret
325 1180 519 1258 reposuisse3
540 1186 574 1240 at
595 1181 783 1258 insequenti,
800 1180 1060 1241 animadvertisse
1082 1196 1115 1240 se
1136 1180 1169 1238 in

168 1285 284 1360 gremio
306 1285 478 1361 Capitolini
496 1286 583 1344 Iovis
602 1287 736 1345 eundem
755 1305 897 1364 puerum,
917 1304 1011 1362 quem
1030 1304 1101 1345 cum
1119 1284 1170 1344 de·
1180 1299 1209 1345 10
1275 1336 1280 1373 :-

168 1390 428 1472 trahiiussisset,
450 1391 644 1468 prohibitum
673 1391 795 1451 monitu
815 1391 867 1450 dei
893 1396 1054 1467 tamquam
1077 1391 1104 1449 is
1128 1390 1169 1450 ad
1277 1446 1282 1457 ,

168 1495 299 1555 tutelam
320 1496 366 1555 rei
387 1515 417 1572 p.
440 1497 642 1571 educaretur3
666 1516 703 1557 ae
724 1498 775 1556 die
796 1496 939 1575 proximo
960 1495 1087 1556 obvium
1109 1495 1170 1555 sibi

168 1600 355 1677 Augustum,
371 1620 441 1661 cum
460 1601 654 1678 incognitum
668 1602 746 1663 alias
762 1602 900 1677 haberet,
915 1621 978 1660 non
993 1602 1061 1661 sine
1074 1600 1170 1660 admi-

168 1705 287 1766 ratione
309 1706 468 1766 contuitus
490 1707 686 1766 simillimum
708 1708 790 1767 dixit
807 1726 904 1784 puero
921 1707 960 1766 de
979 1725 1042 1783 quo
1058 1705 1170 1765 somni-

167 1818 259 1874 asset.
302 1811 436 1882 Quidam
457 1812 545 1890 prius
570 1813 727 1871 somnium
752 1812 857 1872 Catuli
880 1811 974 1872 aliter
998 1817 1208 1889 exponuntlt

168 1917 256 1994 quasi
284 1917 432 1995 Iuppiter
456 1917 668 1994 compluribus
696 1917 903 1994 praetextatis
932 1922 1069 1977 tutorem
1093 1935 1112 1976 a
1137 1935 1169 1976 se

169 2023 367 2101 poscentibus
382 2041 480 2080 unum
495 2042 533 2082 ex
552 2022 598 2081 eis
618 2023 874 2097 demonstrasset,
892 2023 933 2082 ad
953 2041 1046 2098 quem
1065 2021 1170 2082 omnia

168 2128 322 2189 desideria
333 2146 389 2187 sua
400 2128 564 2203 referrent,
575 2128 705 2205 eiusque
719 2128 859 2187 osculum
874 2126 1048 2187 delibatum
1059 2126 1169 2203 digitis
1246 2123 1268 2179 l·

168 2235 206 2294 ad
220 2253 254 2294 os
270 2252 361 2293 suum
375 2233 559 2294 rettulisset.

148 2352 161 2396 a
206 2341 250 2399 M.
280 2338 400 2398 Cicero·
423 2339 457 2399 C.
490 2340 655 2399 Caesarem
690 2340 724 2399 in
758 2339 951 2418 Capitolium
985 2344 1208 2418 prosecutusac

169 2444 323 2504 somnium
348 2443 502 2521 pristinae
525 2445 628 2505 noctis
656 2445 867 2505 familiaribus
893 2445 976 2505 forte
1004 2443 1168 2504 narrabat:

169 2568 299 2627 puemm
327 2548 408 2609 facie
436 2549 560 2609 liberali
588 2549 759 2609 demissum
784 2568 801 2609 e
827 2551 912 2609 caelo
940 2556 1049 2610 catena
1076 2569 1170 2609 aurea

168 2655 208 2714 ad
227 2654 313 2714 fores
334 2653 473 2732 Capitoli
495 2655 675 2715 constitisse
696 2655 787 2732 eique
806 2657 915 2715 Iovem
933 2655 1093 2731 flagellum
1111 2660 1171 2714 tra

168 2759 303 2835 didisse;
332 2759 446 2819 deinde
473 2766 603 2836 repente
631 2760 776 2837 Augusto
803 2761 881 2835 viso,
907 2780 1000 2837 quem
1028 2760 1170 2836 ignotum

169 2865 328 2944 plerisque
347 2864 450 2925 adhuc
470 2865 644 2939 avunculus
669 2866 783 2926 Caesar
803 2866 844 2925 ad
866 2866 1104 2926 sacrificandum
1124 2878 1209 2925 acas

71 3014 75 3027 .
169 2971 297 3046 cinerat,
321 2970 491 3032 affirmavit
520 2971 625 3049 ipsum
654 2990 723 3031 esse
749 2971 838 3032 cuius
867 2972 970 3048 imago
1000 2970 1171 3031 secundum

168 3076 307 3152 quietem
328 3076 390 3136 eibi
410 3077 576 3137 obversata
597 3077 648 3137 sit.

134 3192 162 3238 10
209 3181 353 3242 Sumenti
381 3182 506 3242 virilem
534 3187 640 3260 togam
668 3184 775 3243 tunica
803 3183 861 3243 lati
889 3182 971 3243 clavi
998 3188 1104 3242 resuta
1132 3200 1171 3241 ex

168 3291 303 3365 utraque
323 3292 414 3367 parte
434 3288 475 3348 ad
496 3289 592 3365 pedes
613 3288 740 3349 decidit.
782 3290 925 3348 Fuerunt
945 3288 1000 3365 qui
1022 3287 1172 3365 interpre-

169 3397 313 3453 tarentur
339 3412 403 3453 non
429 3392 516 3454 aliud
544 3393 720 3470 significare
748 3413 843 3472 quam
867 3399 904 3453 ut
928 3394 955 3453 is
980 3393 1056 3456 ordo
1084 3393 1211 3454 cuiuseo

169 3496 293 3575 insigne
307 3497 340 3557 id
354 3503 438 3559 esset
452 3498 639 3576 quandoque
653 3499 682 3558 ei
697 3499 899 3560 subiceretur.

133 3586 174 3667 11¹
210 3602 306 3680 Apud
333 3602 487 3664 Mundam
514 3603 623 3674 Divus·
644 3604 746 3664 Iulius
776 3604 887 3665 castris
915 3605 1018 3665 locum
1046 3604 1172 3682 capiens
