2678 4140
386 239 498 290 smus
521 240 557 291 11.
595 241 707 294 nivus
731 242 923 295 incussus
1116 232 1156 298 81

87 422 129 472 59
191 412 317 472 Medico
330 412 471 472 Antonio
484 414 604 488 Musae,
620 413 707 474 cuius
723 434 818 492 opera
838 434 876 475 ex
897 415 1029 494 ancipiti
1051 417 1159 476 morbo

153 517 363 592 convaluerat,
379 523 516 577 statuam
526 536 597 579 aere
613 519 736 579 conlato
750 520 839 579 iuxta
854 521 977 596 signum
989 520 1159 600 Aesculapi

153 628 341 683 statuerunt.
395 623 550 682 Nonnulli
580 630 707 700 patrum
742 625 935 685 familiarum
971 631 1159 687 testamento

153 734 303 788 caverunt
317 734 354 788 ut
367 727 407 788 ab
420 728 588 788 heredibus
603 730 668 788 suis
686 731 827 807 praelato
841 731 936 790 titulo
950 733 1107 792 victumae
1125 733 1160 791 in

153 833 347 912 Capitolium
360 835 549 894 ducerentur
565 841 736 912 votumque
756 856 860 914 prose
883 837 1057 897 solveretur
1076 838 1183 915 quods

153 940 358 1017 superstitem
384 940 565 1017 Augustum
593 942 803 1018 reliquissent.
859 943 1019 1012 Quaedam
1046 943 1159 1003 Italiae

154 1045 299 1104 civitates
315 1045 398 1104 diem
420 1065 481 1122 quo
502 1047 640 1123 primum
660 1047 701 1106 ad
723 1066 756 1106 se
777 1048 916 1107 venisset
938 1048 1064 1108 initium
1085 1049 1159 1108 anni

154 1150 306 1210 fecerunt.
342 1150 579 1210 Provinciarum
598 1152 765 1229 pleraeque
785 1171 879 1229 super
898 1154 1018 1230 templa
1041 1159 1073 1212 et
1089 1171 1159 1212 aras

154 1255 244 1315 ludos
266 1274 390 1333 quoquc
412 1256 660 1333 quinquennales
682 1276 781 1334 paene
797 1257 974 1335 oppidatim
994 1258 1161 1317 constituc-

154 1366 235 1421 runt.
1170 1377 1198 1422 10

92 1474 131 1524 60
194 1467 297 1542 Reges
311 1467 404 1527 amici
418 1473 512 1544 atque
528 1469 604 1528 socii
619 1475 651 1528 et
666 1469 782 1544 singuli
797 1469 831 1527 in
846 1489 902 1528 suo
916 1469 1050 1546 quisque
1065 1487 1160 1545 regno

155 1571 322 1632 Caesareas
336 1572 429 1632 urbes
450 1573 658 1634 condiderunt
671 1580 703 1633 et
721 1574 826 1633 cuncti
840 1574 934 1633 simul
948 1575 1058 1635 aedem
1073 1574 1159 1634 Iovis

155 1676 298 1755 Olympii
324 1677 459 1737 Athenis
490 1666 666 1755 antiquitus
699 1678 877 1738 incohatam
905 1679 1053 1756 perficere
1082 1698 1161 1739 com-

156 1782 244 1841 muni
258 1789 388 1860 sumptu
405 1783 645 1843 destinaverimt
667 1784 830 1861 Genioque
851 1784 918 1844 eins
940 1784 1103 1859 dedicare3
1124 1804 1161 1844 ac

156 1905 248 1965 saepe
263 1887 367 1964 regnis
382 1888 500 1948 relictis
518 1909 581 1948 non
604 1891 722 1949 Romae
744 1889 836 1948 modo
853 1889 908 1948 sed
929 1894 962 1948 et
983 1889 1160 1966 provincias
1170 1902 1199 1948 m

156 1992 336 2070 peragranti
358 1992 515 2053 cotidiana
536 1993 637 2054 officia
658 1994 758 2070 togati
778 2013 815 2053 ac
843 1993 910 2053 sine
937 1994 1023 2070 regio
1045 1994 1162 2070 insigni

156 2116 241 2158 more
256 2098 417 2158 clientium
433 2100 668 2176 praestiterunt.

97 2213 131 2262 61
194 2202 349 2273 Quoniam
376 2203 478 2280 qualis
507 2204 541 2262 in
568 2204 698 2284 imperis
726 2225 763 2266 ac
791 2205 1028 2283 magistratibus
1057 2225 1162 2283 regen·

157 2308 258 2386 daque
283 2328 339 2387 per
362 2315 518 2370 terrarum
541 2310 648 2370 orbem
675 2331 751 2389 pace
778 2312 923 2388 belloque
951 2330 985 2372 re
1009 2332 1039 2389 p.
1065 2311 1163 2371 fuerit

158 2414 297 2493 exposui,
327 2415 463 2475 referam
490 2435 573 2476 nunc
602 2417 783 2476 interiorem
811 2436 847 2477 ac
876 2417 1066 2477 familiarem
1096 2417 1201 2476 eiusm

158 2520 257 2580 vitam
279 2519 455 2598 quibusque
480 2521 618 2580 moribus
640 2527 735 2598 atque
760 2523 889 2582 fortuna
913 2523 999 2581 domi
1023 2528 1056 2582 et
1080 2522 1163 2582 inter

159 2644 230 2685 suos
244 2625 346 2702 egerit
357 2645 377 2685 a
390 2626 520 2698 iuventa
534 2645 633 2703 nsque
647 2627 686 2686 ad
703 2646 883 2704 supremum
899 2627 983 2687 vitae
997 2627 1090 2687 diem.

135 2744 150 2789 2
196 2732 333 2791 Matrem
353 2731 461 2791 amisit
482 2732 515 2790 in
532 2731 634 2809 primo
654 2733 827 2807 consulatu,
843 2751 979 2791 sororem
1000 2732 1163 2792 Octaviam

158 2835 474 2913 quinquagensimum
509 2841 541 2897 et
575 2842 723 2915 quartum
756 2856 851 2913 agens
888 2837 1001 2897 aetatis
1036 2856 1161 2897 annum.

158 2940 296 3019 Utrique
318 2960 389 3001 cum
409 2942 578 3021 praecipua
599 2942 700 3003 officia
720 2942 811 3003 vivae
830 2942 1053 3020 praestitisset,
1067 2943 1203 3004 etiamrt

159 3047 327 3106 defunctae
340 3047 473 3107 honores
488 3047 641 3108 maximos
655 3047 777 3109 tribuit.

102 3156 138 3208 62
198 3152 352 3230 Sponsam
365 3153 519 3213 habuerat
528 3153 712 3213 adulescens
726 3155 761 3213 P.
779 3154 893 3213 Servili
908 3153 1042 3213 Isaurici
1055 3153 1163 3229 filiam,

159 3257 215 3317 sed
229 3257 447 3318 reconciliatus
462 3264 535 3336 post
552 3258 687 3336 primam
701 3259 891 3319 discordiam
909 3258 1059 3333 Antonio,
1074 3278 1166 3337 expo

160 3363 352 3424 stulantibus
365 3364 531 3441 utriusque
545 3364 700 3424 militibus
716 3370 798 3424 utet
812 3364 1045 3424 necessitudine
1058 3363 1166 3441 aliqua

160 3469 373 3547 iungerentur,
396 3470 575 3548 privignam
603 3471 669 3530 eius
698 3470 872 3545 Claudiam,
902 3470 1033 3530 Fuluiae
1062 3489 1100 3530 ex
1128 3470 1204 3529 P.30

160 3575 272 3636 Clodio
284 3575 393 3652 filiam,
408 3576 500 3636 duxit
513 3596 643 3636 uxorem
658 3577 787 3636 vixdum
802 3576 941 3636 nubilem
953 3596 989 3637 ac
1004 3576 1165 3636 simultate

159 3700 232 3742 cum
253 3681 366 3742 Fulvia
394 3701 484 3741 socru
505 3688 573 3742 orta
601 3682 723 3742 dimisit
744 3682 895 3743 intactam
923 3683 1026 3742 adhuc
1053 3687 1089 3773 at⁸
1106 3682 1167 3741 vir·
