2678 4146
127 235 169 300 20
210 246 239 298 0.
266 245 423 299 suarem
446 246 674 310 russorum
696 246 745 297 ou
770 248 860 298 vms
882 247 1087 301 0113131111

127 419 226 497 stirpe
237 419 395 497 praetoria
408 425 440 479 et
454 420 489 490 Q.
502 419 658 498 Calpenus
673 426 799 480 senator
810 421 969 498 quondam
981 427 1131 500 actorque

127 543 299 585 causarum.
341 525 528 604 Pyrricham
555 525 752 585 saltaverrmt
775 525 871 586 Asiae
896 526 1131 605 Bithyniaeque

127 629 307 708 principum
327 629 428 691 liberi.
471 630 570 690 Ludis
598 629 747 690 Decimus
773 631 925 691 Laberius
950 650 1045 709 eques
1072 633 1153 696 Rea

127 753 237 796 manus
249 734 380 793 mimum
389 754 480 795 suum
492 736 557 812 egit
570 736 767 814 donatusque
777 737 959 813 quingentis
974 737 1129 798 sestertiis

103 845 160 901 tet
184 840 279 900 anulo
300 859 395 900 aureo
418 859 539 901 sessum
564 842 597 900 in
622 842 875 918 quattuordecim
899 861 916 902 e
939 861 1051 903 scaena
1074 862 1130 922 per

127 945 319 1005 orchestram
333 946 469 1006 transiit.
513 947 712 1006 Circensibus
727 947 830 1025 spatio
845 947 920 1008 circi
938 948 979 1008 ab
995 954 1130 1026 utraque

127 1055 217 1128 parte
244 1050 396 1128 producto
424 1056 456 1110 et
483 1051 517 1109 in
545 1070 658 1129 gyrum
685 1052 795 1130 euripo
822 1052 932 1113 addito
959 1053 1129 1131 quadrigas

126 1155 276 1233 bigasque
304 1161 336 1215 et
364 1174 460 1233 equos
492 1157 681 1217 desultorios
708 1157 910 1234 agitaverunt
939 1159 1129 1218 nobilissimi

126 1260 263 1321 iuvenes.
316 1261 443 1320 Troiam
464 1261 542 1321 lusit
570 1268 674 1323 turma
703 1263 822 1341 duplex
853 1263 1006 1324 maiorum
1034 1265 1130 1323 mino

88 1379 258 1443 lorumque
279 1385 456 1445 puerorum.
498 1368 690 1428 Venationes
710 1369 814 1429 editae
832 1388 889 1447 per
907 1369 975 1429 dies
989 1371 1151 1447 quinques

125 1489 162 1531 ac
175 1470 345 1531 novissime
357 1491 463 1550 pugna
477 1472 580 1532 divisa
594 1473 628 1531 in
642 1473 720 1533 duas
731 1473 824 1549 acies,
836 1474 1003 1551 quingenis
1018 1475 1130 1553 pediti-

125 1575 193 1652 bus,
215 1575 392 1655 elephantis
414 1577 543 1652 vicenis,
565 1578 693 1638 tricenis
719 1579 878 1655 equitibus
902 1579 976 1638 hino
999 1585 1033 1639 et
1056 1580 1129 1640 inde

32 1756 34 1763 Ι
126 1683 309 1743 commissis.
352 1685 436 1744 Nam
451 1704 512 1761 quo
527 1685 629 1744 laxius
644 1685 855 1761 dimicaretur,
871 1686 1012 1746 sublatae
1027 1692 1129 1746 metae

125 1788 221 1866 inque
243 1807 350 1849 earum
373 1789 476 1848 locum
500 1790 574 1850 bina
599 1796 701 1850 eastra
725 1791 931 1850 exadversum
956 1791 1130 1851 constituta

87 1908 115 1954 15
125 1898 223 1953 erant.
266 1893 416 1954 Athletae
428 1895 530 1954 stadio
544 1896 584 1954 ad
599 1901 724 1973 tempus
738 1901 882 1955 extructo
893 1895 1020 1970 regione
1031 1896 1128 1955 Marti

126 1998 229 2077 campi
240 2004 439 2059 certaverunt
450 2018 506 2077 per
517 2000 666 2059 triduum.
708 2000 824 2060 Navali
835 2000 954 2078 proelio
966 2000 999 2058 in
1009 2000 1151 2066 minores

126 2103 244 2165 Codeta
262 2104 388 2163 defosso
405 2105 475 2164 lacu
492 2104 625 2164 biremes
642 2124 679 2164 30
693 2105 837 2165 triremes
852 2105 1128 2184 quadriremesque

125 2209 239 2288 Tyriae
256 2215 289 2268 et
306 2210 483 2287 Aegyptiae
503 2211 611 2269 classis
634 2230 746 2287 magno
768 2216 977 2287 pugnatorum
997 2230 1128 2271 numero

125 2313 339 2373 conflixerunt.
383 2291 528 2392 Αᾶ111130
542 2316 647 2375 omnia
661 2315 839 2393 spectacula
853 2321 977 2375 tantum
988 2316 1127 2394 undique

86 2434 116 2480 ao
125 2418 275 2479 confluxit
286 2419 448 2478 hominum
459 2427 495 2479 ut
510 2421 651 2498 plerique
663 2421 801 2480 advenae
812 2426 868 2480 aut
882 2421 965 2480 inter
976 2420 1061 2480 vicos
1072 2427 1128 2481 aut

125 2523 282 2582 intervias
294 2524 503 2583 tabernaculis
512 2524 624 2602 positis
634 2530 838 2584 manerentao
847 2543 939 2602 saepe
950 2543 1026 2602 prae
1035 2525 1128 2585 turba

125 2628 194 2704 elisi
211 2629 444 2705 exanimatique
462 2629 526 2688 sint
546 2629 675 2706 plurimi
697 2635 729 2688 et
750 2630 783 2687 in
804 2630 853 2688 his
873 2630 935 2688 duo
956 2635 1125 2690 senatores.

165 2733 341 2794 Conversus
365 2734 439 2792 hine
463 2735 502 2794 ad
529 2735 737 2793 ordinandum
761 2734 807 2793 rei
832 2734 976 2812 publicae
997 2740 1126 2810 statum,
1149 2751 1185 2801 40

125 2839 224 2899 fastos
248 2839 383 2899 correxit
405 2839 612 2916 iampridem
635 2839 713 2898 vitio
741 2839 925 2917 pontificum
953 2858 1009 2917 per
1033 2839 1128 2900 inter-

86 2943 247 3003 anelanti
281 2944 442 3004 licentiam
476 2945 554 3003 adeo
591 2944 733 3004 turbatos
770 2951 805 3005 ut
840 2964 941 3022 neque
977 2946 1126 3005 messium

124 3048 222 3109 feriae
249 3055 369 3109 aestate
404 3069 505 3126 neque
534 3050 764 3110 vindemiarum
798 3057 950 3110 autumno
985 3057 1128 3129 conpete-

125 3158 215 3229 rent3
235 3173 414 3231 annumque
435 3156 475 3214 ad
497 3174 623 3213 cursum
645 3155 720 3214 solis
742 3156 999 3231 accommodavit,
1013 3162 1051 3216 ut
1067 3162 1128 3217 tre

125 3263 284 3318 centorum
300 3260 464 3336 sexaginta
482 3261 621 3336 quinque
638 3260 762 3319 dierum
777 3267 861 3320 esset
880 3267 912 3321 et
927 3261 1126 3321 intercalario

124 3383 229 3424 mense
257 3365 381 3425 sublato
408 3384 489 3424 unus
524 3366 591 3424 dies
627 3372 738 3442 quarto
773 3386 896 3443 quoque
923 3386 1005 3427 anno
1032 3368 1127 3427 inter-

87 3469 287 3530 tocalaretur.
329 3471 397 3540 Quo
418 3476 524 3530 autem
546 3470 645 3546 magis
668 3470 884 3549 inposterum
906 3492 944 3531 ex
968 3473 1149 3533 Kalendist

125 3574 280 3635 Ianuariis
308 3574 398 3635 novis
426 3581 604 3652 temporum
632 3575 712 3635 ratio
737 3583 930 3652 congrueret,
956 3577 1039 3638 inter
1063 3579 1126 3637 No

123 3679 283 3740 vembrem
302 3700 339 3741 30
359 3681 564 3741 Decembrem
586 3699 725 3740 mensem
746 3681 904 3741 interiecit
926 3683 1004 3742 duos
1028 3683 1125 3759 alios;
