<?xml version="1.0" encoding="UTF-8"?>
<!DOCTYPE html PUBLIC "-//W3C//DTD XHTML 1.0 Transitional//EN"
    "http://www.w3.org/TR/xhtml1/DTD/xhtml1-transitional.dtd">
<html xmlns="http://www.w3.org/1999/xhtml" xml:lang="en" lang="en">
 <head>
  <title>
</title>
<meta http-equiv="Content-Type" content="text/html;charset=utf-8" />
  <meta name='ocr-system' content='tesseract 3.04.00' />
  <meta name='ocr-capabilities' content='ocr_page ocr_carea ocr_par ocr_line ocrx_word'/>
</head>
<body>
  <div class='ocr_page' id='page_1' title='image "./gaisuetonitranq01suetgoog_0090.png"; bbox 0 0 2678 4140; ppageno 0'>
   <div class='ocr_carea' id='block_1_1' title="bbox 452 238 1180 325">
    <p class='ocr_par' dir='ltr' id='par_1_1' title="bbox 452 238 1180 325">
     <span class='ocr_line' id='line_1_1' title="bbox 452 238 1180 325; baseline 0.004 -26"><span class='ocrx_word' id='word_1_1' title='bbox 452 251 561 301; x_wconf 75' lang='lat' dir='ltr'>arran</span> <span class='ocrx_word' id='word_1_2' title='bbox 586 251 607 325; x_wconf 63' lang='lat'>1„</span> <span class='ocrx_word' id='word_1_3' title='bbox 644 248 758 301; x_wconf 83' lang='lat' dir='ltr'>nrvus</span> <span class='ocrx_word' id='word_1_4' title='bbox 780 248 904 301; x_wconf 80' lang='lat' dir='ltr'>murus</span> <span class='ocrx_word' id='word_1_5' title='bbox 1139 238 1180 302; x_wconf 80' lang='lat'>21</span> 
     </span>
    </p>
   </div>
   <div class='ocr_carea' id='block_1_2' title="bbox 109 420 1281 3767">
    <p class='ocr_par' dir='ltr' id='par_1_2' title="bbox 172 420 1180 695">
     <span class='ocr_line' id='line_1_2' title="bbox 173 420 1180 502; baseline 0 -20"><span class='ocrx_word' id='word_1_6' title='bbox 173 425 300 502; x_wconf 77' lang='lat' dir='ltr'><strong>fuitque</strong></span> <span class='ocrx_word' id='word_1_7' title='bbox 328 424 355 483; x_wconf 90' lang='lat' dir='ltr'>is</span> <span class='ocrx_word' id='word_1_8' title='bbox 380 442 482 483; x_wconf 91' lang='lat' dir='ltr'>annus</span> <span class='ocrx_word' id='word_1_9' title='bbox 507 442 569 500; x_wconf 93' lang='lat' dir='ltr'>quo</span> <span class='ocrx_word' id='word_1_10' title='bbox 597 423 674 482; x_wconf 91' lang='lat' dir='ltr'>haec</span> <span class='ocrx_word' id='word_1_11' title='bbox 699 422 972 482; x_wconf 74' lang='lat' dir='ltr'>constituebantur</span> <span class='ocrx_word' id='word_1_12' title='bbox 1000 420 1180 500; x_wconf 88' lang='lat' dir='ltr'>quindecim</span> 
     </span>
     <span class='ocr_line' id='line_1_3' title="bbox 173 527 1180 604; baseline -0.002 -15"><span class='ocrx_word' id='word_1_13' title='bbox 173 530 330 589; x_wconf 83' lang='lat' dir='ltr'><strong>mensium</strong></span> <span class='ocrx_word' id='word_1_14' title='bbox 352 548 423 588; x_wconf 92' lang='lat' dir='ltr'>cum</span> <span class='ocrx_word' id='word_1_15' title='bbox 444 529 653 603; x_wconf 86' lang='lat' dir='ltr'>intercalario,</span> <span class='ocrx_word' id='word_1_16' title='bbox 669 529 723 604; x_wconf 92' lang='lat' dir='ltr'>qui</span> <span class='ocrx_word' id='word_1_17' title='bbox 745 547 783 586; x_wconf 86' lang='lat' dir='ltr'>ex</span> <span class='ocrx_word' id='word_1_18' title='bbox 807 527 1033 587; x_wconf 90' lang='lat' dir='ltr'>consuetudine</span> <span class='ocrx_word' id='word_1_19' title='bbox 1054 528 1088 586; x_wconf 92' lang='lat' dir='ltr'>in</span> <span class='ocrx_word' id='word_1_20' title='bbox 1109 547 1180 588; x_wconf 91' lang='lat' dir='ltr'>eum</span> 
     </span>
     <span class='ocr_line' id='line_1_4' title="bbox 172 634 470 695; baseline -0.003 0"><span class='ocrx_word' id='word_1_21' title='bbox 172 653 292 695; x_wconf 91' lang='lat' dir='ltr'>annum</span> <span class='ocrx_word' id='word_1_22' title='bbox 306 634 470 694; x_wconf 89' lang='lat' dir='ltr'>inciderat.</span> 
     </span>
    </p>

    <p class='ocr_par' dir='ltr' id='par_1_3' title="bbox 109 738 1204 1028">
     <span class='ocr_line' id='line_1_5' title="bbox 109 738 1179 818; baseline -0.005 -16"><span class='ocrx_word' id='word_1_23' title='bbox 109 754 148 802; x_wconf 84' lang='lat'>41</span> <span class='ocrx_word' id='word_1_24' title='bbox 215 741 366 800; x_wconf 83' lang='lat' dir='ltr'>Senatum</span> <span class='ocrx_word' id='word_1_25' title='bbox 409 740 579 817; x_wconf 88' lang='lat' dir='ltr'>supplevit,</span> <span class='ocrx_word' id='word_1_26' title='bbox 623 739 772 818; x_wconf 86' lang='lat' dir='ltr'>patricios</span> <span class='ocrx_word' id='word_1_27' title='bbox 815 738 944 815; x_wconf 83' lang='lat' dir='ltr'>adlegit,</span> <span class='ocrx_word' id='word_1_28' title='bbox 989 744 1179 817; x_wconf 86' lang='lat' dir='ltr'>praetorum,</span> 
     </span>
     <span class='ocr_line' id='line_1_6' title="bbox 172 844 1204 923; baseline 0 -18"><span class='ocrx_word' id='word_1_29' title='bbox 172 845 334 920; x_wconf 88' lang='lat' dir='ltr'>aedilium,</span> <span class='ocrx_word' id='word_1_30' title='bbox 349 852 560 923; x_wconf 85' lang='lat' dir='ltr'>quaestorum,</span> <span class='ocrx_word' id='word_1_31' title='bbox 576 845 733 904; x_wconf 90' lang='lat' dir='ltr'>minorum</span> <span class='ocrx_word' id='word_1_32' title='bbox 752 844 849 904; x_wconf 89' lang='lat' dir='ltr'>etiam</span> <span class='ocrx_word' id='word_1_33' title='bbox 864 844 1106 919; x_wconf 86' lang='lat' dir='ltr'>magistratuum</span> <span class='ocrx_word' id='word_1_34' title='bbox 1126 861 1204 905; x_wconf 72' lang='lat' dir='ltr'>nu-rs</span> 
     </span>
     <span class='ocr_line' id='line_1_7' title="bbox 173 949 1181 1028; baseline -0.001 -18"><span class='ocrx_word' id='word_1_35' title='bbox 173 970 295 1010; x_wconf 88' lang='lat' dir='ltr'>merum</span> <span class='ocrx_word' id='word_1_36' title='bbox 314 950 499 1028; x_wconf 81' lang='lat' dir='ltr'>ampliavit3</span> <span class='ocrx_word' id='word_1_37' title='bbox 521 951 655 1010; x_wconf 90' lang='lat' dir='ltr'>nudatos</span> <span class='ocrx_word' id='word_1_38' title='bbox 675 969 768 1027; x_wconf 92' lang='lat' dir='ltr'>opere</span> <span class='ocrx_word' id='word_1_39' title='bbox 790 949 931 1008; x_wconf 92' lang='lat' dir='ltr'>censorio</span> <span class='ocrx_word' id='word_1_40' title='bbox 949 955 1006 1008; x_wconf 88' lang='lat' dir='ltr'>aut</span> <span class='ocrx_word' id='word_1_41' title='bbox 1023 949 1181 1009; x_wconf 89' lang='lat' dir='ltr'>sententia</span> 
     </span>
    </p>

    <p class='ocr_par' dir='ltr' id='par_1_4' title="bbox 149 1054 1281 1451">
     <span class='ocr_line' id='line_1_8' title="bbox 149 1054 1281 1115; baseline -0.001 -2"><span class='ocrx_word' id='word_1_42' title='bbox 149 1057 315 1115; x_wconf 80' lang='lat' dir='ltr'>‘riudioum</span> <span class='ocrx_word' id='word_1_43' title='bbox 328 1056 367 1115; x_wconf 91' lang='lat' dir='ltr'>de</span> <span class='ocrx_word' id='word_1_44' title='bbox 381 1055 503 1114; x_wconf 90' lang='lat' dir='ltr'>ambitu</span> <span class='ocrx_word' id='word_1_45' title='bbox 521 1056 743 1115; x_wconf 88' lang='lat' dir='ltr'>condemnatos</span> <span class='ocrx_word' id='word_1_46' title='bbox 758 1055 908 1115; x_wconf 74' lang='lat' dir='ltr'>restituit,</span> <span class='ocrx_word' id='word_1_47' title='bbox 952 1054 1088 1114; x_wconf 83' lang='lat' dir='ltr'>Comitia</span> <span class='ocrx_word' id='word_1_48' title='bbox 1109 1072 1180 1113; x_wconf 91' lang='lat' dir='ltr'>cum</span> <span class='ocrx_word' id='word_1_49' title='bbox 1277 1069 1281 1077; x_wconf 83' lang='grc'><strong>’</strong></span> 
     </span>
     <span class='ocr_line' id='line_1_9' title="bbox 174 1159 1179 1240; baseline -0.002 -20"><span class='ocrx_word' id='word_1_50' title='bbox 174 1162 292 1240; x_wconf 93' lang='lat' dir='ltr'>populo</span> <span class='ocrx_word' id='word_1_51' title='bbox 306 1161 444 1240; x_wconf 88' lang='lat' dir='ltr'>partitus</span> <span class='ocrx_word' id='word_1_52' title='bbox 459 1167 516 1236; x_wconf 93' lang='lat' dir='ltr'>est,</span> <span class='ocrx_word' id='word_1_53' title='bbox 532 1167 567 1221; x_wconf 91' lang='lat' dir='ltr'>ut</span> <span class='ocrx_word' id='word_1_54' title='bbox 581 1161 722 1238; x_wconf 87' lang='lat' dir='ltr'>exceptis</span> <span class='ocrx_word' id='word_1_55' title='bbox 737 1160 917 1220; x_wconf 88' lang='lat' dir='ltr'>consulatus</span> <span class='ocrx_word' id='word_1_56' title='bbox 932 1159 1179 1236; x_wconf 83' lang='lat' dir='ltr'>conpetitoribus</span> 
     </span>
     <span class='ocr_line' id='line_1_10' title="bbox 174 1264 1179 1342; baseline -0.002 -17"><span class='ocrx_word' id='word_1_57' title='bbox 174 1268 213 1326; x_wconf 93' lang='lat' dir='ltr'>de</span> <span class='ocrx_word' id='word_1_58' title='bbox 235 1273 339 1326; x_wconf 86' lang='lat' dir='ltr'>cetero</span> <span class='ocrx_word' id='word_1_59' title='bbox 359 1285 490 1325; x_wconf 88' lang='lat' dir='ltr'>numero</span> <span class='ocrx_word' id='word_1_60' title='bbox 508 1266 746 1325; x_wconf 88' lang='lat' dir='ltr'>candidatorum</span> <span class='ocrx_word' id='word_1_61' title='bbox 766 1285 823 1342; x_wconf 92' lang='lat' dir='ltr'>pro</span> <span class='ocrx_word' id='word_1_62' title='bbox 843 1271 933 1342; x_wconf 91' lang='lat' dir='ltr'>parte</span> <span class='ocrx_word' id='word_1_63' title='bbox 950 1264 1084 1323; x_wconf 90' lang='lat' dir='ltr'>dimidia</span> <span class='ocrx_word' id='word_1_64' title='bbox 1101 1283 1179 1342; x_wconf 91' lang='lat' dir='ltr'>quos</span> 
     </span>
     <span class='ocr_line' id='line_1_11' title="bbox 174 1369 1219 1451; baseline 0 -20"><span class='ocrx_word' id='word_1_65' title='bbox 174 1373 311 1451; x_wconf 93' lang='lat' dir='ltr'>populus</span> <span class='ocrx_word' id='word_1_66' title='bbox 322 1371 420 1431; x_wconf 88' lang='lat' dir='ltr'>vellet</span> <span class='ocrx_word' id='word_1_67' title='bbox 434 1371 723 1449; x_wconf 88' lang='lat' dir='ltr'>pronuntiarentur,</span> <span class='ocrx_word' id='word_1_68' title='bbox 739 1390 796 1447; x_wconf 93' lang='lat' dir='ltr'>pro</span> <span class='ocrx_word' id='word_1_69' title='bbox 810 1376 899 1447; x_wconf 88' lang='lat' dir='ltr'>parte</span> <span class='ocrx_word' id='word_1_70' title='bbox 910 1370 1011 1430; x_wconf 89' lang='lat' dir='ltr'>altera</span> <span class='ocrx_word' id='word_1_71' title='bbox 1022 1389 1099 1447; x_wconf 93' lang='lat' dir='ltr'>quos</span> <span class='ocrx_word' id='word_1_72' title='bbox 1111 1369 1179 1447; x_wconf 92' lang='lat' dir='ltr'>ipse</span> <span class='ocrx_word' id='word_1_73' title='bbox 1190 1385 1219 1431; x_wconf 85' lang='lat'>10</span> 
     </span>
    </p>

    <p class='ocr_par' dir='ltr' id='par_1_5' title="bbox 138 1474 1219 2185">
     <span class='ocr_line' id='line_1_12' title="bbox 138 1474 1179 1553; baseline -0.002 -17"><span class='ocrx_word' id='word_1_74' title='bbox 138 1546 141 1551; x_wconf 25' lang='lat'>¹</span> <span class='ocrx_word' id='word_1_75' title='bbox 174 1477 323 1536; x_wconf 89' lang='lat' dir='ltr'>dedisset.</span> <span class='ocrx_word' id='word_1_76' title='bbox 366 1478 409 1536; x_wconf 85' lang='lat' dir='ltr'>Et</span> <span class='ocrx_word' id='word_1_77' title='bbox 430 1476 543 1536; x_wconf 85' lang='lat' dir='ltr'>edebat</span> <span class='ocrx_word' id='word_1_78' title='bbox 564 1494 620 1553; x_wconf 92' lang='lat' dir='ltr'>per</span> <span class='ocrx_word' id='word_1_79' title='bbox 642 1475 766 1534; x_wconf 90' lang='lat' dir='ltr'>libellos</span> <span class='ocrx_word' id='word_1_80' title='bbox 788 1475 905 1534; x_wconf 91' lang='lat' dir='ltr'>circum</span> <span class='ocrx_word' id='word_1_81' title='bbox 926 1474 1045 1534; x_wconf 92' lang='lat' dir='ltr'>tribum</span> <span class='ocrx_word' id='word_1_82' title='bbox 1067 1474 1179 1534; x_wconf 91' lang='lat' dir='ltr'>missos</span> 
     </span>
     <span class='ocr_line' id='line_1_13' title="bbox 175 1579 1181 1661; baseline -0.005 -18"><span class='ocrx_word' id='word_1_83' title='bbox 175 1583 333 1661; x_wconf 88' lang='lat' dir='ltr'>scriptura</span> <span class='ocrx_word' id='word_1_84' title='bbox 352 1580 458 1658; x_wconf 84' lang='lat' dir='ltr'>brevi:</span> <span class='ocrx_word' id='word_1_85' title='bbox 481 1582 620 1641; x_wconf 82' lang='lat' dir='ltr'>Caesar</span> <span class='ocrx_word' id='word_1_86' title='bbox 641 1580 811 1641; x_wconf 90' lang='lat' dir='ltr'>dictator</span> <span class='ocrx_word' id='word_1_87' title='bbox 832 1580 895 1640; x_wconf 85' lang='lat' dir='ltr'>ilii</span> <span class='ocrx_word' id='word_1_88' title='bbox 915 1579 1048 1640; x_wconf 92' lang='lat' dir='ltr'>tribui.</span> <span class='ocrx_word' id='word_1_89' title='bbox 1084 1581 1181 1641; x_wconf 77' lang='lat' dir='ltr'>(iom-</span> 
     </span>
     <span class='ocr_line' id='line_1_14' title="bbox 176 1685 1181 1760; baseline -0.003 -14"><span class='ocrx_word' id='word_1_90' title='bbox 176 1689 307 1747; x_wconf 92' lang='lat' dir='ltr'>mendo</span> <span class='ocrx_word' id='word_1_91' title='bbox 339 1687 454 1746; x_wconf 86' lang='lat' dir='ltr'>vobis</span> <span class='ocrx_word' id='word_1_92' title='bbox 488 1687 607 1745; x_wconf 90' lang='lat' dir='ltr'>illum</span> <span class='ocrx_word' id='word_1_93' title='bbox 635 1692 674 1746; x_wconf 91' lang='lat' dir='ltr'>et</span> <span class='ocrx_word' id='word_1_94' title='bbox 701 1686 831 1760; x_wconf 84' lang='lat' dir='ltr'>iilum,</span> <span class='ocrx_word' id='word_1_95' title='bbox 858 1691 902 1744; x_wconf 92' lang='lat' dir='ltr'>ut</span> <span class='ocrx_word' id='word_1_96' title='bbox 935 1691 1076 1745; x_wconf 89' lang='lat' dir='ltr'>vestro</span> <span class='ocrx_word' id='word_1_97' title='bbox 1104 1685 1181 1745; x_wconf 86' lang='lat' dir='ltr'>suf·</span> 
     </span>
     <span class='ocr_line' id='line_1_15' title="bbox 176 1791 1180 1869; baseline -0.001 -18"><span class='ocrx_word' id='word_1_98' title='bbox 176 1794 311 1869; x_wconf 87' lang='lat' dir='ltr'>fragio</span> <span class='ocrx_word' id='word_1_99' title='bbox 337 1812 447 1852; x_wconf 88' lang='lat' dir='ltr'>suam</span> <span class='ocrx_word' id='word_1_100' title='bbox 470 1792 723 1868; x_wconf 90' lang='lat' dir='ltr'>dignitatem</span> <span class='ocrx_word' id='word_1_101' title='bbox 747 1796 925 1851; x_wconf 88' lang='lat' dir='ltr'>teneant.</span> <span class='ocrx_word' id='word_1_102' title='bbox 977 1791 1118 1850; x_wconf 89' lang='lat' dir='ltr'>Admisit</span> <span class='ocrx_word' id='word_1_103' title='bbox 1140 1791 1180 1850; x_wconf 87' lang='lat' dir='ltr'>ad</span> 
     </span>
     <span class='ocr_line' id='line_1_16' title="bbox 175 1895 1219 1978; baseline 0.001 -21"><span class='ocrx_word' id='word_1_104' title='bbox 175 1899 308 1957; x_wconf 88' lang='lat' dir='ltr'>honores</span> <span class='ocrx_word' id='word_1_105' title='bbox 324 1903 356 1957; x_wconf 91' lang='lat' dir='ltr'>et</span> <span class='ocrx_word' id='word_1_106' title='bbox 370 1897 618 1975; x_wconf 83' lang='lat' dir='ltr'>proscriptorum</span> <span class='ocrx_word' id='word_1_107' title='bbox 633 1896 757 1978; x_wconf 85' lang='lat' dir='ltr'>liberos.</span> <span class='ocrx_word' id='word_1_108' title='bbox 800 1895 923 1955; x_wconf 85' lang='lat' dir='ltr'>Indicia</span> <span class='ocrx_word' id='word_1_109' title='bbox 936 1896 977 1955; x_wconf 86' lang='lat' dir='ltr'>ad</span> <span class='ocrx_word' id='word_1_110' title='bbox 991 1897 1053 1955; x_wconf 91' lang='lat' dir='ltr'>duo</span> <span class='ocrx_word' id='word_1_111' title='bbox 1067 1914 1181 1971; x_wconf 85' lang='lat' dir='ltr'>genera</span> <span class='ocrx_word' id='word_1_112' title='bbox 1190 1913 1219 1958; x_wconf 80' lang='lat' dir='ltr'>ru</span> 
     </span>
     <span class='ocr_line' id='line_1_17' title="bbox 176 1997 1180 2078; baseline -0.002 -17"><span class='ocrx_word' id='word_1_113' title='bbox 176 2005 315 2063; x_wconf 92' lang='lat' dir='ltr'>iudicum</span> <span class='ocrx_word' id='word_1_114' title='bbox 337 2003 467 2077; x_wconf 85' lang='lat' dir='ltr'>redegit,</span> <span class='ocrx_word' id='word_1_115' title='bbox 480 1997 638 2078; x_wconf 70' lang='lat' dir='ltr'>&#39;equestris</span> <span class='ocrx_word' id='word_1_116' title='bbox 658 2001 778 2061; x_wconf 90' lang='lat' dir='ltr'>ordinis</span> <span class='ocrx_word' id='word_1_117' title='bbox 793 2020 829 2060; x_wconf 92' lang='lat' dir='ltr'>ac</span> <span class='ocrx_word' id='word_1_118' title='bbox 847 2001 1015 2076; x_wconf 88' lang='lat' dir='ltr'>senatorii;</span> <span class='ocrx_word' id='word_1_119' title='bbox 1036 2000 1180 2060; x_wconf 89' lang='lat' dir='ltr'>tribunos</span> 
     </span>
     <span class='ocr_line' id='line_1_18' title="bbox 175 2107 810 2185; baseline -0.005 -16"><span class='ocrx_word' id='word_1_120' title='bbox 175 2109 321 2183; x_wconf 89' lang='lat' dir='ltr'>aerarios,</span> <span class='ocrx_word' id='word_1_121' title='bbox 337 2108 420 2185; x_wconf 91' lang='lat' dir='ltr'>quod</span> <span class='ocrx_word' id='word_1_122' title='bbox 435 2114 502 2168; x_wconf 90' lang='lat' dir='ltr'>erat</span> <span class='ocrx_word' id='word_1_123' title='bbox 516 2108 656 2182; x_wconf 90' lang='lat' dir='ltr'>tertium,</span> <span class='ocrx_word' id='word_1_124' title='bbox 672 2107 810 2167; x_wconf 73' lang='lat' dir='ltr'>sustulit,</span> 
     </span>
    </p>

    <p class='ocr_par' dir='ltr' id='par_1_6' title="bbox 155 2211 1220 2923">
     <span class='ocr_line' id='line_1_19' title="bbox 155 2211 1181 2290; baseline -0.005 -15"><span class='ocrx_word' id='word_1_125' title='bbox 155 2232 169 2275; x_wconf 84' lang='lat'><strong>3</strong></span> <span class='ocrx_word' id='word_1_126' title='bbox 215 2216 392 2274; x_wconf 85' lang='lat' dir='ltr'>Recensum</span> <span class='ocrx_word' id='word_1_127' title='bbox 410 2212 520 2290; x_wconf 92' lang='lat' dir='ltr'>populi</span> <span class='ocrx_word' id='word_1_128' title='bbox 534 2231 591 2278; x_wconf 84' lang='lat' dir='ltr'>nec</span> <span class='ocrx_word' id='word_1_129' title='bbox 607 2232 691 2271; x_wconf 92' lang='lat' dir='ltr'>more</span> <span class='ocrx_word' id='word_1_130' title='bbox 708 2231 766 2271; x_wconf 88' lang='lat' dir='ltr'>nec</span> <span class='ocrx_word' id='word_1_131' title='bbox 780 2211 848 2271; x_wconf 91' lang='lat' dir='ltr'>loco</span> <span class='ocrx_word' id='word_1_132' title='bbox 863 2213 965 2288; x_wconf 88' lang='lat' dir='ltr'>solito,</span> <span class='ocrx_word' id='word_1_133' title='bbox 982 2212 1036 2272; x_wconf 89' lang='lat' dir='ltr'>sed</span> <span class='ocrx_word' id='word_1_134' title='bbox 1051 2212 1181 2272; x_wconf 85' lang='lat' dir='ltr'>vicatim</span> 
     </span>
     <span class='ocr_line' id='line_1_20' title="bbox 177 2318 1181 2398; baseline -0.002 -19"><span class='ocrx_word' id='word_1_135' title='bbox 177 2340 231 2398; x_wconf 91' lang='lat' dir='ltr'>per</span> <span class='ocrx_word' id='word_1_136' title='bbox 245 2319 389 2379; x_wconf 90' lang='lat' dir='ltr'>dominos</span> <span class='ocrx_word' id='word_1_137' title='bbox 405 2318 580 2378; x_wconf 89' lang='lat' dir='ltr'>insularum</span> <span class='ocrx_word' id='word_1_138' title='bbox 595 2318 660 2393; x_wconf 90' lang='lat' dir='ltr'>egit</span> <span class='ocrx_word' id='word_1_139' title='bbox 674 2324 770 2395; x_wconf 90' lang='lat' dir='ltr'>atque</span> <span class='ocrx_word' id='word_1_140' title='bbox 784 2337 823 2377; x_wconf 89' lang='lat' dir='ltr'>ex</span> <span class='ocrx_word' id='word_1_141' title='bbox 838 2318 953 2393; x_wconf 88' lang='lat' dir='ltr'>viginti</span> <span class='ocrx_word' id='word_1_142' title='bbox 969 2318 1181 2395; x_wconf 85' lang='lat' dir='ltr'>trecentisque</span> 
     </span>
     <span class='ocr_line' id='line_1_21' title="bbox 176 2423 1220 2502; baseline -0.001 -17"><span class='ocrx_word' id='word_1_143' title='bbox 176 2424 304 2485; x_wconf 89' lang='lat' dir='ltr'>milibus</span> <span class='ocrx_word' id='word_1_144' title='bbox 332 2423 555 2502; x_wconf 87' lang='lat' dir='ltr'>accipientium</span> <span class='ocrx_word' id='word_1_145' title='bbox 583 2424 779 2482; x_wconf 85' lang='lat' dir='ltr'>frumentum</span> <span class='ocrx_word' id='word_1_146' title='bbox 804 2442 820 2482; x_wconf 92' lang='lat' dir='ltr'>e</span> <span class='ocrx_word' id='word_1_147' title='bbox 845 2423 972 2501; x_wconf 92' lang='lat' dir='ltr'>publico</span> <span class='ocrx_word' id='word_1_148' title='bbox 992 2425 1033 2484; x_wconf 92' lang='lat' dir='ltr'>ad</span> <span class='ocrx_word' id='word_1_149' title='bbox 1055 2429 1220 2484; x_wconf 78' lang='lat' dir='ltr'>centumao</span> 
     </span>
     <span class='ocr_line' id='line_1_22' title="bbox 177 2528 1181 2608; baseline -0.002 -19"><span class='ocrx_word' id='word_1_150' title='bbox 177 2529 407 2608; x_wconf 84' lang='lat' dir='ltr'>quinquaginta</span> <span class='ocrx_word' id='word_1_151' title='bbox 421 2530 572 2604; x_wconf 83' lang='lat' dir='ltr'>retraxit3</span> <span class='ocrx_word' id='word_1_152' title='bbox 593 2548 630 2589; x_wconf 90' lang='lat' dir='ltr'>ac</span> <span class='ocrx_word' id='word_1_153' title='bbox 643 2548 683 2588; x_wconf 89' lang='lat' dir='ltr'>ne</span> <span class='ocrx_word' id='word_1_154' title='bbox 698 2529 752 2605; x_wconf 90' lang='lat' dir='ltr'>qui</span> <span class='ocrx_word' id='word_1_155' title='bbox 766 2528 842 2588; x_wconf 89' lang='lat' dir='ltr'>novi</span> <span class='ocrx_word' id='word_1_156' title='bbox 864 2535 969 2588; x_wconf 90' lang='lat' dir='ltr'>coetus</span> <span class='ocrx_word' id='word_1_157' title='bbox 991 2528 1181 2589; x_wconf 87' lang='lat' dir='ltr'>recensionis</span> 
     </span>
     <span class='ocr_line' id='line_1_23' title="bbox 177 2634 1181 2712; baseline -0.005 -16"><span class='ocrx_word' id='word_1_158' title='bbox 177 2655 269 2696; x_wconf 87' lang='lat' dir='ltr'>causa</span> <span class='ocrx_word' id='word_1_159' title='bbox 289 2635 408 2694; x_wconf 86' lang='lat' dir='ltr'>moveri</span> <span class='ocrx_word' id='word_1_160' title='bbox 427 2635 615 2712; x_wconf 88' lang='lat' dir='ltr'>quandoque</span> <span class='ocrx_word' id='word_1_161' title='bbox 636 2640 774 2712; x_wconf 86' lang='lat' dir='ltr'>possent,</span> <span class='ocrx_word' id='word_1_162' title='bbox 795 2634 936 2694; x_wconf 88' lang='lat' dir='ltr'>instituit</span> <span class='ocrx_word' id='word_1_163' title='bbox 957 2634 1126 2711; x_wconf 89' lang='lat' dir='ltr'>quotannis</span> <span class='ocrx_word' id='word_1_164' title='bbox 1148 2634 1181 2692; x_wconf 92' lang='lat' dir='ltr'>in</span> 
     </span>
     <span class='ocr_line' id='line_1_24' title="bbox 177 2738 1183 2817; baseline -0.001 -18"><span class='ocrx_word' id='word_1_165' title='bbox 177 2741 412 2801; x_wconf 90' lang='lat' dir='ltr'>demortuorum</span> <span class='ocrx_word' id='word_1_166' title='bbox 433 2740 595 2799; x_wconf 81' lang='lat' dir='ltr'>locum&#39;ex</span> <span class='ocrx_word' id='word_1_167' title='bbox 617 2739 657 2798; x_wconf 91' lang='lat' dir='ltr'>iis</span> <span class='ocrx_word' id='word_1_168' title='bbox 682 2739 739 2817; x_wconf 92' lang='lat' dir='ltr'>qui</span> <span class='ocrx_word' id='word_1_169' title='bbox 762 2739 883 2799; x_wconf 88' lang='lat' dir='ltr'>recensi</span> <span class='ocrx_word' id='word_1_170' title='bbox 903 2758 965 2798; x_wconf 92' lang='lat' dir='ltr'>nou</span> <span class='ocrx_word' id='word_1_171' title='bbox 987 2745 1092 2799; x_wconf 89' lang='lat' dir='ltr'>essent</span> <span class='ocrx_word' id='word_1_172' title='bbox 1113 2738 1183 2799; x_wconf 83' lang='lat' dir='ltr'>sub</span> 
     </span>
     <span class='ocr_line' id='line_1_25' title="bbox 177 2846 604 2923; baseline 0 -18"><span class='ocrx_word' id='word_1_173' title='bbox 177 2846 302 2906; x_wconf 89' lang='lat' dir='ltr'>sortitio</span> <span class='ocrx_word' id='word_1_174' title='bbox 316 2865 334 2904; x_wconf 90' lang='lat' dir='ltr'>a</span> <span class='ocrx_word' id='word_1_175' title='bbox 349 2850 492 2923; x_wconf 88' lang='lat' dir='ltr'>praetore</span> <span class='ocrx_word' id='word_1_176' title='bbox 506 2846 604 2905; x_wconf 85' lang='lat' dir='ltr'>fieret.</span> 
     </span>
    </p>

    <p class='ocr_par' dir='ltr' id='par_1_7' title="bbox 127 2950 1221 3767">
     <span class='ocr_line' id='line_1_26' title="bbox 127 2950 1220 3027; baseline -0.001 -15"><span class='ocrx_word' id='word_1_177' title='bbox 127 2967 157 3017; x_wconf 77' lang='lat'>42</span> <span class='ocrx_word' id='word_1_178' title='bbox 217 2951 387 3027; x_wconf 84' lang='lat' dir='ltr'>Octoginta</span> <span class='ocrx_word' id='word_1_179' title='bbox 407 2957 513 3011; x_wconf 90' lang='lat' dir='ltr'>autem</span> <span class='ocrx_word' id='word_1_180' title='bbox 534 2950 651 3010; x_wconf 90' lang='lat' dir='ltr'>civium</span> <span class='ocrx_word' id='word_1_181' title='bbox 674 2950 801 3010; x_wconf 91' lang='lat' dir='ltr'>milibus</span> <span class='ocrx_word' id='word_1_182' title='bbox 826 2950 860 3009; x_wconf 93' lang='lat' dir='ltr'>in</span> <span class='ocrx_word' id='word_1_183' title='bbox 884 2951 1111 3010; x_wconf 87' lang='lat' dir='ltr'>transmarinas</span> <span class='ocrx_word' id='word_1_184' title='bbox 1136 2967 1220 3012; x_wconf 82' lang='lat' dir='ltr'>coao</span> 
     </span>
     <span class='ocr_line' id='line_1_27' title="bbox 177 3054 1182 3134; baseline 0 -19"><span class='ocrx_word' id='word_1_185' title='bbox 177 3057 277 3117; x_wconf 85' lang='lat' dir='ltr'>ionias</span> <span class='ocrx_word' id='word_1_186' title='bbox 299 3054 488 3130; x_wconf 69' lang='lat' dir='ltr'>distributis</span> <span class='ocrx_word' id='word_1_187' title='bbox 503 3062 540 3114; x_wconf 94' lang='lat' dir='ltr'>ut</span> <span class='ocrx_word' id='word_1_188' title='bbox 558 3056 729 3115; x_wconf 81' lang='lat' dir='ltr'>exhaustae</span> <span class='ocrx_word' id='word_1_189' title='bbox 750 3075 873 3133; x_wconf 90' lang='lat' dir='ltr'>quoque</span> <span class='ocrx_word' id='word_1_190' title='bbox 894 3055 981 3115; x_wconf 91' lang='lat' dir='ltr'>urbis</span> <span class='ocrx_word' id='word_1_191' title='bbox 1003 3055 1182 3134; x_wconf 87' lang='lat' dir='ltr'>frequentia</span> 
     </span>
     <span class='ocr_line' id='line_1_28' title="bbox 179 3160 1183 3240; baseline -0.002 -18"><span class='ocrx_word' id='word_1_192' title='bbox 179 3167 370 3240; x_wconf 89' lang='lat' dir='ltr'>suppeteret,</span> <span class='ocrx_word' id='word_1_193' title='bbox 386 3161 491 3220; x_wconf 87' lang='lat' dir='ltr'>sanxit</span> <span class='ocrx_word' id='word_1_194' title='bbox 510 3180 549 3220; x_wconf 91' lang='lat' dir='ltr'>ne</span> <span class='ocrx_word' id='word_1_195' title='bbox 570 3161 642 3237; x_wconf 90' lang='lat' dir='ltr'>quis</span> <span class='ocrx_word' id='word_1_196' title='bbox 663 3160 741 3220; x_wconf 85' lang='lat' dir='ltr'>civis</span> <span class='ocrx_word' id='word_1_197' title='bbox 763 3161 862 3220; x_wconf 86' lang='lat' dir='ltr'>maior</span> <span class='ocrx_word' id='word_1_198' title='bbox 881 3161 972 3220; x_wconf 89' lang='lat' dir='ltr'>annis</span> <span class='ocrx_word' id='word_1_199' title='bbox 992 3160 1107 3236; x_wconf 87' lang='lat' dir='ltr'>viginti</span> <span class='ocrx_word' id='word_1_200' title='bbox 1128 3161 1183 3220; x_wconf 92' lang='lat' dir='ltr'>mi-</span> 
     </span>
     <span class='ocr_line' id='line_1_29' title="bbox 178 3265 1183 3344; baseline -0.002 -17"><span class='ocrx_word' id='word_1_201' title='bbox 178 3286 274 3328; x_wconf 84' lang='lat' dir='ltr'>norve</span> <span class='ocrx_word' id='word_1_202' title='bbox 303 3267 444 3341; x_wconf 83' lang='lat' dir='ltr'>†decem,</span> <span class='ocrx_word' id='word_1_203' title='bbox 465 3266 521 3343; x_wconf 93' lang='lat' dir='ltr'>qui</span> <span class='ocrx_word' id='word_1_204' title='bbox 546 3272 741 3326; x_wconf 89' lang='lat' dir='ltr'>sacramento</span> <span class='ocrx_word' id='word_1_205' title='bbox 763 3286 826 3326; x_wconf 92' lang='lat' dir='ltr'>non</span> <span class='ocrx_word' id='word_1_206' title='bbox 849 3272 1017 3341; x_wconf 89' lang='lat' dir='ltr'>teneretur,</span> <span class='ocrx_word' id='word_1_207' title='bbox 1040 3266 1112 3344; x_wconf 92' lang='lat' dir='ltr'>plus</span> <span class='ocrx_word' id='word_1_208' title='bbox 1129 3265 1183 3326; x_wconf 93' lang='lat' dir='ltr'>tri-</span> 
     </span>
     <span class='ocr_line' id='line_1_30' title="bbox 179 3372 1181 3450; baseline -0.002 -17"><span class='ocrx_word' id='word_1_209' title='bbox 179 3373 271 3434; x_wconf 89' lang='lat' dir='ltr'>ennio</span> <span class='ocrx_word' id='word_1_210' title='bbox 299 3374 447 3434; x_wconf 87' lang='lat' dir='ltr'>continuo</span> <span class='ocrx_word' id='word_1_211' title='bbox 475 3374 572 3434; x_wconf 85' lang='lat' dir='ltr'>Italia</span> <span class='ocrx_word' id='word_1_212' title='bbox 599 3372 723 3433; x_wconf 90' lang='lat' dir='ltr'>abesset</span> <span class='ocrx_word' id='word_1_213' title='bbox 745 3393 807 3432; x_wconf 89' lang='lat' dir='ltr'>neu</span> <span class='ocrx_word' id='word_1_214' title='bbox 835 3373 890 3450; x_wconf 92' lang='lat' dir='ltr'>qui</span> <span class='ocrx_word' id='word_1_215' title='bbox 912 3373 1065 3433; x_wconf 89' lang='lat' dir='ltr'>senatoris</span> <span class='ocrx_word' id='word_1_216' title='bbox 1086 3373 1181 3448; x_wconf 91' lang='lat' dir='ltr'>filius,</span> 
     </span>
     <span class='ocr_line' id='line_1_31' title="bbox 179 3478 1221 3557; baseline 0 -20"><span class='ocrx_word' id='word_1_217' title='bbox 179 3479 241 3539; x_wconf 92' lang='lat' dir='ltr'>nisi</span> <span class='ocrx_word' id='word_1_218' title='bbox 258 3478 491 3539; x_wconf 88' lang='lat' dir='ltr'>contubernalis</span> <span class='ocrx_word' id='word_1_219' title='bbox 510 3484 566 3539; x_wconf 88' lang='lat' dir='ltr'>aut</span> <span class='ocrx_word' id='word_1_220' title='bbox 583 3497 686 3538; x_wconf 88' lang='lat' dir='ltr'>comes</span> <span class='ocrx_word' id='word_1_221' title='bbox 708 3479 921 3554; x_wconf 90' lang='lat' dir='ltr'>magistratus,</span> <span class='ocrx_word' id='word_1_222' title='bbox 944 3498 1073 3556; x_wconf 85' lang='lat' dir='ltr'>peregre</span> <span class='ocrx_word' id='word_1_223' title='bbox 1092 3478 1221 3557; x_wconf 84' lang='lat' dir='ltr'>profi-30</span> 
     </span>
     <span class='ocr_line' id='line_1_32' title="bbox 181 3583 1182 3661; baseline 0.001 -18"><span class='ocrx_word' id='word_1_224' title='bbox 181 3584 364 3658; x_wconf 88' lang='lat' dir='ltr'>cisoeretur;</span> <span class='ocrx_word' id='word_1_225' title='bbox 385 3602 464 3643; x_wconf 86' lang='lat' dir='ltr'>neve</span> <span class='ocrx_word' id='word_1_226' title='bbox 485 3583 510 3642; x_wconf 95' lang='lat' dir='ltr'>ii</span> <span class='ocrx_word' id='word_1_227' title='bbox 530 3584 585 3660; x_wconf 94' lang='lat' dir='ltr'>qui</span> <span class='ocrx_word' id='word_1_228' title='bbox 603 3584 782 3661; x_wconf 88' lang='lat' dir='ltr'>pecuariam</span> <span class='ocrx_word' id='word_1_229' title='bbox 803 3584 944 3644; x_wconf 85' lang='lat' dir='ltr'>facerent</span> <span class='ocrx_word' id='word_1_230' title='bbox 964 3584 1067 3643; x_wconf 92' lang='lat' dir='ltr'>minus</span> <span class='ocrx_word' id='word_1_231' title='bbox 1087 3584 1182 3644; x_wconf 89' lang='lat' dir='ltr'>tertia</span> 
     </span>
     <span class='ocr_line' id='line_1_33' title="bbox 181 3688 1180 3767; baseline -0.001 -17"><span class='ocrx_word' id='word_1_232' title='bbox 181 3695 269 3767; x_wconf 89' lang='lat' dir='ltr'>parte</span> <span class='ocrx_word' id='word_1_233' title='bbox 297 3689 451 3767; x_wconf 91' lang='lat' dir='ltr'>puberum</span> <span class='ocrx_word' id='word_1_234' title='bbox 483 3688 689 3765; x_wconf 86' lang='lat' dir='ltr'>ingenuorum</span> <span class='ocrx_word' id='word_1_235' title='bbox 724 3688 807 3748; x_wconf 86' lang='lat' dir='ltr'>inter</span> <span class='ocrx_word' id='word_1_236' title='bbox 843 3695 984 3767; x_wconf 87' lang='lat' dir='ltr'>pastores</span> <span class='ocrx_word' id='word_1_237' title='bbox 1020 3688 1180 3750; x_wconf 88' lang='lat' dir='ltr'>haberent.</span> 
     </span>
    </p>
   </div>
   <div class='ocr_carea' id='block_1_3' title="bbox 0 0 1353 4140">
    <p class='ocr_par' dir='ltr' id='par_1_8' title="bbox 0 0 1353 4140">
     <span class='ocr_line' id='line_1_34' title="bbox 0 0 1353 4140; baseline 0 0"><span class='ocrx_word' id='word_1_238' title='bbox 0 0 1353 4140; x_wconf 95' lang='lat' dir='ltr'> </span> 
     </span>
    </p>
   </div>
  </div>
 </body>
</html>
