2678 4140
347 275 459 325 rinna
483 277 519 325 11.
556 274 668 324 nrvus
692 274 883 324 incussus
1077 263 1118 328 75

87 447 253 507 curiones
275 446 408 507 colonici
429 447 462 505 in
484 465 540 506 sua
561 446 693 522 quisque
716 446 836 505 colonia
860 446 981 505 ferrent
1003 451 1035 505 et
1058 446 1115 505 sub

83 553 166 612 (lie
180 552 377 613 comitiorum
393 552 557 628 obsignata
574 553 707 610 Romam
727 551 898 610 mitterent.
941 551 988 610 Ac
1002 552 1114 611 necubi

82 664 169 716 {cut
183 659 385 718 honestorum
402 657 550 716 deficeret
568 657 657 733 copia
673 662 729 715 aut
746 655 961 715 multitudinis
979 657 1112 734 suboles,

87 769 288 840 (equestrem
316 761 463 821 militiam
491 762 628 838 petentis
657 762 751 821 ctiam
779 781 817 820 ex
845 762 1113 822 commendatione

97 868 236 945 publica
261 868 411 945 cuiusque
439 868 549 944 oppidi
576 867 750 942 ordinabat,
773 873 807 926 at
829 866 877 942 iis,
903 868 958 944 qui
982 886 999 927 e
1021 867 1137 946 plebes

107 975 251 1050 regiones
268 973 328 1032 sibi
343 972 494 1032 reuisenti
512 961 594 1030 filios
613 972 735 1031 filiasve
753 971 974 1049 approbarent,
989 973 1114 1049 singula

121 1099 309 1138 nummorum
323 1078 411 1138 milia
425 1097 482 1155 pro
497 1077 629 1153 singuiis
643 1065 813 1137 dividebat.

153 1184 333 1244 Provincias
362 1183 530 1243 validiores
557 1189 589 1242 61
619 1202 696 1260 quas
727 1183 840 1243 annuis
872 1177 1113 1261 magistratuum

122 1289 251 1368 imperiis
277 1289 343 1366 regi
367 1308 424 1348 nec
449 1289 542 1348 facile
567 1307 624 1348 nec
647 1294 752 1348 tutum
773 1295 849 1365 erat,
872 1291 941 1368 ipse
966 1291 1113 1368 suscepit,

122 1401 229 1456 ceteras
258 1394 496 1473 proconsulibus
525 1394 636 1453 sortito
664 1395 826 1471 permisit3
855 1401 887 1454 61
912 1401 1018 1456 tamen
1041 1407 1153 1455 non-10

121 1503 214 1562 nullas
243 1500 447 1560 commutavit
475 1500 634 1565 interdum
662 1506 757 1576 atque
772 1519 810 1559 ex
843 1505 977 1578 utroque
1002 1520 1114 1577 genere

121 1603 277 1684 plerasque
306 1606 430 1682 saepius
454 1605 542 1664 adiit.
587 1605 724 1664 Urbium
751 1605 912 1682 quasdam,
937 1605 1114 1667 foederatas

122 1713 168 1771 sed
193 1713 234 1772 ad
263 1711 395 1771 exitium
422 1711 550 1769 licentia
574 1711 772 1788 praecipites,
795 1710 942 1771 libertate
966 1712 1114 1790 privavit,

121 1817 190 1877 alias
207 1823 263 1877 aut
281 1835 352 1876 aere
372 1815 475 1875 alieno
497 1815 668 1875 laborantis
690 1816 808 1875 levavit
828 1823 885 1877 aut
905 1822 1007 1877 terrae
1028 1823 1116 1878 motu
1190 1848 1210 1903 43,
1251 1864 1313 1893 ,Μ

121 1922 278 1982 subversas
303 1922 404 1980 denuo
430 1921 570 1980 condidit
593 1927 648 1980 aut
673 1922 785 1981 merita
807 1941 880 1998 erga
902 1923 1055 2000 populum
1076 1924 1114 1983 R.
1126 1934 1154 1979 15

120 2029 294 2104 adlegantes
315 2026 489 2086 Latinitate
510 2026 560 2085 vel
583 2027 711 2085 civitate
732 2027 870 2087 donavit.
912 2029 981 2088 Nec
1001 2034 1059 2105 cst,
1079 2035 1116 2088 ut

120 2133 233 2210 opinor,
248 2131 418 2210 provincia,
433 2136 564 2208 excepta
585 2133 660 2189 dum
681 2137 770 2191 taxat
788 2133 898 2192 Africa
915 2139 947 2193 et
962 2134 1115 2211 Sardinia,

119 2257 207 2314 quam
221 2258 285 2297 non
298 2237 420 2297 adierit.
463 2238 503 2294 In
522 2237 578 2295 has
600 2237 710 2312 fugato
726 2237 795 2296 Sex.
814 2239 965 2316 Pompeio
985 2240 1116 2300 traicere

119 2363 154 2403 ex
175 2315 282 2404 Sicilia
300 2348 506 2420 apparantem
526 2342 690 2401 continnae
705 2348 738 2402 et
751 2343 936 2404 immodicae
951 2351 1117 2423 tempesta-

119 2455 163 2508 tes
177 2448 381 2507 inhibuerunt
394 2467 451 2507 nec
463 2467 535 2506 mox
550 2447 670 2506 occasio
684 2454 740 2508 aut
755 2468 847 2508 causa
862 2449 1028 2509 traiciendi
1043 2451 1114 2510 fuit.
1126 2463 1155 2508 20

37 2565 99 2625 ‘18
156 2556 336 2630 Regnorum
350 2552 463 2630 quibus
480 2552 557 2612 belli
574 2553 641 2611 inre
658 2553 778 2630 potitus
793 2560 850 2628 est,
866 2562 991 2632 praeter
1008 2574 1116 2633 pauca,

118 2656 174 2720 aut'
200 2657 301 2719 isdem
335 2659 449 2735 quibus
483 2659 644 2718 ademerat
671 2659 809 2718 reddidit
843 2651 899 2720 aut
932 2661 1116 2736 alienigenis

119 2765 295 2826 contribuit.
348 2765 450 2839 Reges
478 2764 577 2823 socios
602 2765 699 2823 etiam
726 2765 808 2823 inter
837 2766 1043 2843 semetipsos
1067 2785 1118 2825 ne·

119 2869 359 2930 cessitudinibus
387 2869 504 2929 mutuis
533 2869 646 2943 iunxit,
672 2870 927 2946 promptissimus
954 2871 1116 2931 affinitatis

119 2976 266 3054 cuiusque
283 2981 378 3052 atque
394 2976 551 3035 amicitiae
568 2974 750 3034 conciliator
764 2981 795 3035 et
809 2976 932 3050 fautor,
955 2995 1012 3035 nec
1025 2977 1118 3036 aliter
1128 2989 1157 3033 25

118 3077 279 3142 universos
297 3100 391 3158 qnam
409 3082 549 3141 membra
562 3082 726 3159 partisque
745 3081 871 3159 imperii
891 3101 981 3141 curae
998 3081 1117 3157 habuit,

119 3193 270 3247 rectorem
304 3207 427 3264 quoque
463 3187 574 3246 solitus
608 3207 766 3265 apponere
793 3192 896 3247 aetate
928 3187 1034 3264 parvis
1063 3193 1119 3247 aut

119 3298 222 3353 mente
249 3292 347 3370 lapsis
375 3293 472 3351 donec
499 3293 713 3352 adolescerent
736 3299 791 3352 aut
818 3292 1056 3369 resipiscerent3
1083 3312 1120 3352 ae

120 3398 326 3476 plurimorum
352 3397 467 3457 liberos
495 3403 527 3457 ct
548 3398 694 3457 educavit
717 3398 809 3455 simul
835 3417 904 3456 curn
930 3397 995 3457 suis
1021 3404 1052 3457 61
1077 3398 1121 3457 in-

121 3502 233 3564 stituit.
1131 3517 1160 3562 30

66 3632 100 3682 49
159 3611 208 3668 Ex
227 3609 417 3669 militaribus
440 3609 538 3686 copiis
559 3609 697 3684 legiones
714 3615 746 3668 et
760 3608 878 3668 auxilia
899 3609 1121 3686 provinciatim

121 3712 292 3789 distribuit,
307 3715 439 3775 classem
459 3713 576 3773 Miseni
591 3720 623 3773 61
643 3714 775 3774 alteram
797 3715 965 3774 Ravennae
984 3715 1025 3775 ad
1044 3721 1124 3775 tute·
