2678 4140
156 141 197 204 96
239 150 268 201 c.
294 148 459 200 sunrour·
472 147 699 210 russonum
722 114 771 198 bn
796 147 886 220 vrrs
909 146 1113 199 cassanum

156 323 321 402 ginibus
352 322 521 384 Catonis
548 321 706 381 utaris?
749 321 807 380 An
837 320 976 399 potius
1008 319 1160 381 Asiati-

156 448 290 489 corum
310 434 516 488 oratorum
537 427 673 486 inanis
694 426 920 486 sententiis
943 425 1159 486 verborum

156 533 405 595 volubilitas
440 533 480 592 in
514 537 698 592 nostrum
732 550 953 591 sermonem
985 531 1160 591 transfer

156 639 302 701 reuda?
337 641 381 699 Et
404 639 540 716 quadam
564 637 701 716 epistula
726 637 920 716 Agrippinae
944 637 1050 715 neptis
1075 638 1161 713 inge

132 745 245 813 unium
272 745 478 805 conlaudans:
507 743 581 803 Sed
615 761 714 821 opus
748 749 820 819 est,
853 743 966 820 inquit,
995 742 1091 804 dara
1120 748 1160 803 te

156 870 317 930 operam
344 870 390 910 ne
419 849 590 908 moleste
618 849 776 909 scribas
805 854 845 909 et
871 848 1067 926 loquaris.

196 957 363 1017 Cotidiano
379 974 521 1015 sermone
539 954 692 1031 quaedam
710 954 908 1032 frequentius
926 959 959 1014 et
975 953 1161 1015 notabiliter
1183 963 1217 1016 87

156 1080 325 1140 usurpasse
344 1080 416 1121 eum
437 1060 562 1120 litterae
584 1059 684 1136 ipsius
703 1060 916 1139 autographae
935 1065 1106 1136 ostentant,
1127 1059 1161 1119 in

157 1166 270 1246 quibus
285 1166 468 1241 identidem,
483 1184 553 1225 cum
567 1165 690 1242 aliquos
704 1184 876 1243 numquam
895 1165 1052 1242 soluturos
1067 1165 1162 1242 signi-

119 1272 250 1333 roficare
271 1272 411 1347 vult,ad
432 1272 642 1331 Kalendas
665 1271 841 1331 Graecas
862 1270 1076 1331 soluturos
1096 1271 1162 1347 ait,

158 1383 191 1438 et
212 1397 282 1437 cum
302 1377 448 1436 hortatur
472 1376 602 1435 ferenda
623 1394 692 1435 esse
711 1375 899 1454 praesentia,
920 1375 1162 1454 qualiacumque

159 1484 239 1544 sint:
271 1482 469 1543 Contenti
494 1482 620 1541 simus
649 1482 721 1541 hoo
746 1481 976 1557 Catoneqet
997 1482 1037 1542 ad
1060 1482 1163 1560 expri-
1214 1510 1218 1519 =

159 1591 305 1651 mendam
329 1590 498 1650 festinatae
523 1589 568 1649 rei
590 1589 806 1650 velocitatem:
835 1589 1022 1650 Celerius
1046 1608 1163 1666 quam

159 1695 351 1774 asparagi
379 1699 584 1754 cocuntur.
636 1694 732 1755 Ponit
756 1694 881 1754 assidue
911 1700 944 1755 et
974 1714 1032 1774 pro
1062 1694 1187 1755 stultoa

122 1801 377 1876 robaceolum,
400 1801 484 1878 apud
511 1800 633 1877 pullum
661 1801 935 1878 pulleiaoeum
962 1807 995 1860 et
1021 1820 1079 1878 pro
1101 1819 1164 1860 cer-

161 1908 222 1967 rito
243 1925 501 1966 vacerrosum
528 1911 561 1965 et
581 1906 730 1983 vapido
753 1925 786 1965 se
815 1904 929 1966 habere
951 1925 1009 1984 pro
1028 1906 1110 1966 male
1131 1912 1164 1967 et

160 2012 346 2072 betizare
360 2031 417 2089 pro
432 2011 588 2087 languere,
604 2011 688 2088 quod
702 2012 798 2087 vulgo
812 2011 1075 2072 lachanizare
1089 2012 1165 2072 dici-

162 2117 329 2192 tur;item
351 2117 475 2176 simus
497 2135 682 2195 prosumus
706 2121 738 2176 et
761 2117 895 2176 domos
918 2117 1064 2194 genetivo
1089 2137 1165 2178 casu

163 2223 314 2299 singulari
328 2242 386 2300 pro
399 2222 538 2281 domnos.
580 2222 648 2280 Nec
666 2241 816 2298 umquam
834 2221 927 2282 aliter
945 2221 1023 2282 haec
1037 2223 1109 2299 duo,
1124 2242 1166 2284 no

124 2329 232 2406 aequis
248 2329 392 2388 mendam
407 2328 506 2403 magis
522 2347 614 2404 quarn
630 2328 888 2386 consuetudinem
901 2333 1001 2406 putot.

202 2433 321 2493 Notavi
348 2438 381 2492 et
408 2432 442 2491 in
470 2432 676 2510 chirographo
704 2432 771 2491 eius
799 2432 855 2492 illa
882 2434 1067 2512 praecipue:
1102 2447 1190 2495 nona

164 2539 280 2598 dividit
293 2538 389 2598 verba
407 2557 464 2597 nec
482 2537 523 2598 ab
542 2544 682 2597 extrema
700 2544 790 2615 parte
809 2557 957 2598 versuum
973 2539 1166 2601 abundantis

164 2645 288 2704 litteras
309 2645 343 2702 in
363 2645 498 2704 alterum
519 2644 681 2718 transfert,
703 2642 758 2702 sed
780 2643 1028 2704 ibidem'statim
1049 2645 1167 2707 subicit

165 2750 439 2827 circumducitque.

126 2869 155 2913 25
206 2855 479 2932 orthographiam,
490 2857 521 2914 id
532 2863 580 2916 est
594 2857 763 2917 formulam
778 2856 994 2934 rationemque
1009 2857 1168 2917 scribendi
1190 2863 1224 2916 88

165 2981 184 3021 a
201 2961 413 3038 grammaticis
435 2962 626 3036 institutam,
641 2982 703 3021 non
724 2963 802 3022 adeo
824 2962 962 3022 custodit
982 2981 1019 3022 ac
1040 2962 1168 3022 videtur

166 3086 272 3125 eorum
294 3067 399 3144 potius
422 3067 510 3143 sequi
536 3068 714 3145 opinionem
739 3069 794 3145 qui
815 3068 946 3145 perinde
968 3066 1168 3127 scribendum

166 3191 202 3232 ac
223 3173 387 3249 loquamur
408 3173 598 3232 existiment.
640 3175 723 3232 Nam
741 3175 824 3250 quod
848 3193 940 3251 saepe
959 3192 1022 3232 non
1043 3173 1167 3233 litteras

167 3278 259 3337 modo
279 3279 333 3337 sed
353 3278 490 3356 syllabas
507 3284 562 3338 aut
579 3284 739 3355 permutat
755 3284 811 3338 aut
828 3278 980 3356 praeterit
994 3279 1168 3338 communis

128 3383 329 3441 aohominum
357 3403 442 3442 error
471 3390 528 3443 est.
570 3386 638 3443 Nec
672 3403 728 3459 ego
761 3385 793 3442 id
821 3390 961 3445 notarem
992 3384 1055 3443 nisi
1091 3384 1170 3443 mihi

168 3489 282 3546 mirum
297 3488 457 3548 videretur
475 3489 642 3548 tradidisse
660 3489 781 3566 aliquos
802 3489 905 3564 legato
923 3508 993 3548 eum
1012 3489 1169 3550 consulari

169 3611 377 3652 successorem
399 3594 580 3653 dedissent
601 3594 671 3652 rudi
692 3599 725 3652 et
744 3594 870 3654 indocto
888 3594 974 3653 cuius
994 3613 1090 3655 manu
1111 3595 1170 3654 ixi
