2678 4140
136 226 179 291 40
221 238 250 288 o.
277 235 432 289 sunroru
455 235 681 298 rusuoumm
705 237 754 285 ns
777 236 869 286 vrrs
892 237 1101 289 cansarum

176 410 262 482 Quae
277 428 370 470 causa
384 409 554 469 coniuratis
569 407 747 468 maturandi
759 407 823 467 fuit
836 409 997 470 destinata
1007 409 1145 486 negotia,
1168 418 1182 468 8

135 535 175 576 ne
189 514 338 576 assentiri
352 532 478 574 necesse
493 518 584 573 esset.

177 620 317 681 Consilia
339 619 437 696 igitur
458 619 627 697 dispersim
650 624 744 679 antea
763 619 873 680 habita
893 625 926 680 et
948 640 1029 697 quae
1051 640 1146 700 saepe

136 726 203 785 bini
228 725 351 787 ternive
378 730 526 804 ceperant
553 725 586 783 in
614 744 711 784 unum
738 743 846 785 omnes
872 726 1085 802 contulerunt,
1106 746 1146 786 ne

112 832 254 910 tpopulo
276 831 404 908 quidem
425 831 489 892 iarn
509 831 669 910 praesenti
691 836 776 890 statu
797 831 890 905 laeto,
913 832 969 892 sed
991 833 1074 892 olam
1095 851 1147 911 pa

136 937 262 1014 lamque
283 936 479 997 detrectante
498 937 746 997 dominationem
759 942 855 1013 atque
872 943 1046 998 assertores
1060 937 1147 1014 flagi-

137 1048 234 1102 tante.
276 1043 456 1118 Peregrinis
471 1042 504 1101 in
519 1049 663 1102 senatum
681 1042 804 1102 allectis
819 1042 945 1102 libellus
961 1042 1167 1121 propositusa

137 1153 201 1207 est:
239 1149 389 1206 Bonum
419 1148 591 1207 facturn:
625 1167 672 1207 ne
700 1126 791 1224 quis
820 1148 1008 1208 senatori
1041 1167 1145 1207 novo

33 1282 37 1287 ·
138 1252 277 1312 curiam
300 1257 511 1312 monstrare
528 1253 644 1312 velit!
686 1254 729 1311 Et
743 1252 799 1312 illa
818 1253 914 1329 vulgo
932 1252 1143 1313 canebantur:

99 1422 129 1467 10
178 1407 321 1468 Gallos
342 1407 490 1468 Caesar
511 1409 551 1466 in
571 1409 823 1486 triumphum
844 1408 1144 1484 duoit,idemin

780 1515 950 1574 curiam:

178 1617 291 1678 Galli
325 1617 468 1678 bracas
503 1620 793 1696 deposuerunt,
822 1620 949 1679 latum
985 1620 1142 1680 olavum

371 1700 408 1717 ί
780 1730 1051 1802 sumpserunt.

136 1883 254 1954 Quinto
273 1883 414 1944 Maximo
434 1884 566 1945 suffecto
585 1885 823 1961 trimenstrique
841 1886 968 1944 consule
983 1886 1141 1946 theatrum

99 2003 127 2049 115
136 1989 326 2065 introeunte,
342 2007 413 2049 oum
433 1990 526 2050 lictor
546 1990 756 2050 animadverti
771 2009 809 2049 ex
827 2009 912 2050 more
934 1990 1089 2066 iussisset,
1103 1991 1142 2050 ab

136 2094 292 2155 universis
309 2094 538 2155 conclamatum
552 2099 678 2154 estnon
692 2114 760 2154 esse
775 2115 846 2155 eum
861 2095 1029 2155 consulem.
1065 2096 1164 2155 Post3

136 2207 273 2260 remotos
298 2200 477 2260 Caesetium
498 2207 531 2260 et
551 2201 724 2260 Marullum
750 2200 892 2260 tribunos
918 2207 1045 2278 reperta
1069 2206 1142 2260 sunt

137 2306 289 2385 proximis
311 2305 447 2365 comitiis
470 2306 631 2384 complura
653 2306 803 2382 suffragia
818 2305 960 2365 consules
976 2325 1028 2365 eos
1044 2307 1142 2366 decla

136 2413 283 2473 rentium.
323 2412 541 2490 Subscripsere
553 2414 681 2490 quidam
693 2413 771 2471 Luci
786 2412 880 2472 Bruti
895 2418 1036 2472 statuae:
1059 2414 1091 2472 U
1100 2412 1142 2472 ti-

99 2535 224 2580 aonam
237 2518 419 2578 viveres!
441 2518 518 2577 item
532 2518 632 2596 ipsius
648 2518 808 2578 Caesaris:

179 2673 452 2751 Brutus‚quia
472 2693 587 2750 reges
610 2673 741 2749 eiecit,
757 2675 888 2734 consul
910 2675 1053 2752 primus
1069 2675 1142 2734 fao·

761 2785 919 2839 tusest:

176 2887 251 2962 hio,
272 2886 367 2963 quia
392 2886 585 2944 consules
611 2885 747 2960 eiecit,
769 2904 832 2944 rex
858 2890 1049 2962 postremo
1073 2885 1143 2945 fao

759 2996 916 3049 tusest.

100 3168 129 3212 25
138 3154 362 3234 conspiratum
375 3159 425 3214 est
439 3154 472 3212 in
484 3173 555 3212 eum
569 3172 588 3212 a
603 3152 766 3228 sexaginta
779 3152 926 3229 amplius,
939 3151 1019 3211 Gaio
1034 3152 1164 3214 Cassios

137 3263 308 3337 Marcoque
329 3264 362 3323 et
383 3258 513 3318 Decimo
537 3258 637 3317 Bruto
665 3257 861 3335 principibus
891 3257 1140 3333 conspirationis.

137 3367 198 3437 Qui
212 3367 350 3445 primum
373 3364 512 3425 cunctati
533 3370 679 3422 utrumne
694 3363 727 3421 in
742 3363 861 3440 Campo
879 3382 934 3441 per
949 3363 1077 3422 comitia
1090 3363 1143 3422 tri·

137 3472 195 3532 bus
209 3474 250 3534 ad
266 3471 416 3548 suffragia
430 3476 594 3531 vocantem
617 3470 759 3548 partibus
777 3470 889 3529 divisis
904 3489 921 3529 e
936 3474 1032 3547 ponte
1046 3469 1144 3529 deice

137 3586 209 3639 rent
229 3584 325 3656 atque
347 3583 514 3655 exceptum
535 3577 730 3637 trucidarent
748 3595 789 3635 an
810 3575 843 3633 in
863 3575 957 3634 Sacra
973 3575 1026 3634 via
1042 3576 1093 3634 vel
1110 3575 1143 3634 in

96 3701 126 3746 3ο
137 3686 229 3746 aditu
243 3685 360 3746 theatri
374 3684 582 3757 adorirentur,
598 3688 764 3760 postquam
788 3686 914 3743 senatus
937 3680 1048 3741 Idibus
1062 3681 1145 3742 Mar·
