2678 4140
5 195 45 258 70
87 207 117 258 C.
143 207 299 258 SUETONI
321 206 549 268 TRANQUILLI
571 206 622 255 DE
644 205 735 255 VITA
758 204 963 257 CAESARUM

3 377 241 439 difficultatibus
262 397 281 438 a
302 377 448 438 libertate
469 384 501 438 et
528 377 628 438 multo
649 376 792 455 pluribus
812 396 832 437 a
859 376 1008 436 libertate

4 484 87 543 iusta
108 483 287 559 removisse,
302 502 372 542 cum
393 489 425 542 et
445 483 484 542 de
504 501 635 542 numero
656 482 747 542 etde
768 481 950 541 condicione
971 501 1008 542 ac

4 589 183 649 differentia
202 608 309 648 eorum
327 588 382 664 qui
403 587 700 647 manumitterentur
719 587 838 647 curiose
860 587 1007 661 cavisset,

4 695 62 755 hoc
89 713 212 771 quoque
239 694 363 769 adiecit,
391 713 430 752 ne
455 694 579 753 vinctus
600 712 749 769 umquam
770 698 913 752 tortusve
935 692 1008 768 quis

3 801 68 859 ullo
83 799 238 860 libertatis
253 818 364 875 genere
380 799 540 858 civitatem
553 798 788 877 adipisceretur.

41 905 147 964 Etiam
168 904 312 964 habitum
338 904 551 980 vestitumque
572 903 743 980 pristinum
770 903 920 963 reducere
945 909 1032 964 stu-5

3 1011 81 1085 duit,
103 1030 139 1070 ao
161 1010 229 1069 visa
253 1009 410 1086 quondam
435 1028 491 1085 pro
516 1008 658 1068 contione
686 1008 880 1086 pullatorum
904 1009 1008 1085 turba,

3 1115 255 1191 indignabundus
271 1120 303 1174 et
316 1114 497 1174 clamitans:
519 1115 576 1171 En

4 1273 211 1344 Romanos,
244 1289 375 1328 rerum
409 1268 601 1344 dominos,
629 1274 871 1346 gentemque
900 1274 1008 1345 toga

83 1378 178 1435 tam!

1 1536 163 1611 negotium
177 1535 330 1594 aedilibus
346 1535 443 1610 dedit,
457 1554 497 1594 ne
512 1553 604 1611 quem
619 1536 751 1612 posthac
768 1541 954 1612 paterentur
973 1535 1005 1593 in

2 1641 71 1700 foro
87 1641 206 1699 oircave
221 1641 283 1698 nisi
297 1640 409 1717 positis
424 1639 557 1698 lacernis
572 1645 714 1715 togatum
728 1641 906 1700 consistere.

40 1745 278 1805 Liberalitatem
301 1744 444 1803 omnibus
474 1744 635 1804 ordinibus
663 1764 720 1822 per
744 1745 920 1805 occasiones
946 1746 1006 1805 fre·
1027 1757 1047 1804 4*

1 1858 133 1929 quenter
161 1849 311 1910 exhibuit.
365 1851 449 1909 Nam
476 1855 508 1908 et
535 1850 658 1909 invecta
684 1850 755 1909 urbi
789 1849 1005 1910 Alexandrino

1 1957 163 2035 triumpho
194 1956 279 2031 regia
313 1975 396 2030 gaza,
428 1960 549 2014 tantam
580 1955 702 2032 copiam
736 1956 929 2016 nummariae
959 1955 1005 2014 rei

1 2062 106 2123 effecit
129 2067 166 2121 ut
190 2061 317 2120 faenore
338 2060 500 2118 deminuto
526 2060 698 2137 plurimum
718 2079 863 2136 agrorum
892 2060 1004 2138 pretiis

1 2167 175 2240 accesserit,
190 2172 222 2225 et
244 2171 361 2242 postea,
377 2166 521 2241 quotiens
544 2185 581 2224 ex
603 2167 821 2225 damnatorum
842 2166 932 2225 bonis
955 2185 1006 2244 pe-

1 2273 93 2332 cunia
107 2271 321 2349 superflueret,
337 2289 428 2328 usum
443 2271 509 2328 eius
524 2271 697 2345 gratuitum
715 2271 754 2329 iis
774 2271 829 2348 qui
844 2290 953 2331 cavere
972 2272 1004 2328 in

5 2377 133 2454 ιιιΡΙιιιιι
150 2381 278 2454 possent
295 2376 334 2434 ad
350 2381 469 2434 certum
489 2381 613 2452 tempus
634 2376 775 2435 indulsit.
818 2375 1005 2435 Senatorum

1 2501 128 2542 censum
147 2480 313 2558 ampliavit
331 2500 367 2539 ac
388 2500 445 2557 pro
467 2480 716 2555 octingentorum
737 2480 860 2539 milium
882 2499 1005 2540 summa

4 2587 166 2646 ιιιοᾶιιοιιιι
194 2585 375 2645 sestertium
396 2585 517 2645 taxavit
539 2586 761 2662 supplevitque
781 2605 844 2644 non
864 2585 1005 2645 habenti-

9 2713 67 2754 uus.
110 2691 276 2767 Congiaria
297 2691 413 2767 populo
441 2691 623 2767 frequenter
650 2691 747 2765 dedit,
776 2692 830 2750 sed
861 2691 1027 2750 diversaea

1 2801 68 2859 fere
90 2817 244 2857 summae:
268 2797 359 2855 modo
381 2796 620 2872 quadringenos,
642 2798 734 2855 modo
755 2801 905 2872 trecenos,
930 2816 1005 2855 non·

0 2922 171 2980 numquam
200 2903 335 2961 ducenos
363 2902 660 2979 quinquagenosque
691 2921 852 2977 nummos3
892 2921 929 2962 ac
963 2922 1004 2962 ne

9 3009 137 3068 ..Ucres
158 3007 285 3084 quidem
307 3026 420 3084 pueros
441 3007 614 3084 praeteriit,
632 3008 776 3083 quamvis
797 3027 860 3066 non
880 3007 942 3066 nisi
963 3007 1004 3067 ab

8 3114 165 3175 ιὰθοιιιιο
185 3113 299 3173 aetatis
321 3132 402 3171 anno
423 3113 564 3189 accipere
592 3119 802 3172 consuessent.
856 3115 1005 3172 Frumen-

46 3246 62 3273 ιι
83 3238 207 3297 quoque
221 3218 255 3276 in
269 3236 409 3277 annonae
424 3217 662 3277 difficultatibus
678 3238 770 3294 saepe
779 3217 948 3293 levissimo,
960 3219 1005 3276 in-

21 3325 126 3385 rdum
147 3325 234 3383 nullo
262 3322 364 3401 pretio
386 3322 506 3381 viritim
533 3323 700 3382 admensus
730 3328 779 3382 est
808 3328 1004 3401 tesserasque

0 3429 191 3491 nummarias
206 3426 388 3505 duplicavit.
1003 3496 1012 3506 ι

40 3535 100 3596 Sed
121 3541 159 3595 ut
180 3535 335 3594 salubrem
358 3532 457 3608 magis
479 3554 573 3611 quam
600 3535 801 3593 ambitiosum
829 3535 1005 3612 prinoipem
1026 3543 1047 3592 4:

1 3639 106 3718 scires,
134 3640 316 3718 querentem
340 3638 379 3697 de
407 3638 514 3715 inopia
541 3644 573 3698 et
601 3640 731 3698 caritate
759 3641 825 3698 vini
852 3641 1005 3717 populum
