2678 4140
306 317 309 319 .
407 281 519 332 amna
543 281 579 331 11.
616 281 729 333 nrvus
752 281 944 333 socosros
1137 268 1179 334 55

161 470 245 512 oum
266 459 335 514 tota
355 453 452 514 Italia
472 472 529 531 pro
549 453 692 530 partibus
713 453 787 512 suis.
829 453 897 512 Nec
917 451 1017 512 multo
1036 456 1109 530 post
1127 470 1179 512 na

159 558 238 618 vali
265 558 386 636 proelio
414 559 498 636 apud
526 558 655 617 Actium
677 558 755 617 vicit
783 558 815 615 in
844 576 947 616 serum
976 555 1178 616 dimicatione

109 671 142 716 3
160 669 343 742 protracta,
370 668 405 722 ut
430 664 463 721 in
487 682 566 722 nave
593 663 694 722 victor
718 663 959 741 pernoctaverit.
1005 662 1057 721 Ab
1085 661 1178 722 Actio

162 788 245 828 num
267 770 396 829 Samum
417 768 451 826 in
470 768 603 828 hiberna
628 787 661 828 se
686 769 865 847 recepisset,
888 768 1032 828 turbatus
1057 767 1177 827 nuntiis

162 876 212 934 ‹le
232 875 388 934 seditione
410 874 550 952 praemia
572 879 604 933 et
626 874 808 934 missionem
829 874 1026 952 poscentium
1044 892 1121 952 quos
1139 891 1201 936 exc

167 980 259 1039 omni
278 999 409 1038 numero
428 980 571 1040 confecta
588 979 721 1039 victoria
738 979 944 1038 Brundisium
963 978 1177 1057 praemiserat,

171 1085 310 1163 repetita
339 1085 435 1145 Italia
463 1090 652 1162 tempestate
681 1085 714 1142 in
738 1085 873 1144 traiectu
897 1085 945 1143 bis
971 1084 1176 1160 conflictatus,

172 1190 276 1268 primo
300 1189 385 1250 inter
408 1189 627 1268 promunturia
651 1190 882 1268 Peloponnensi
906 1196 1002 1267 atque
1025 1189 1177 1264 Aetoliae,

176 1314 281 1355 rursus
304 1295 386 1355 circa
407 1300 529 1354 montes
551 1295 721 1354 Ceraunios
740 1295 909 1372 utrubique
929 1300 1018 1373 parte
1035 1294 1179 1372 Libprni-
1259 1272 1325 1367 ts

176 1419 281 1460 carum
306 1400 459 1475 demersa,
482 1400 576 1459 simul
602 1400 668 1460 eius
694 1400 727 1458 in
752 1420 813 1477 qua
834 1401 1007 1460 vehebatur
1030 1399 1111 1459 fusis
1132 1419 1179 1459 ar·
1188 1413 1217 1460 ιο

176 1506 341 1566 mamantis
363 1511 395 1565 et
416 1505 627 1582 gubernaculo
649 1505 813 1581 diffraot03
841 1525 898 1565 nec
922 1504 1058 1584 amplius
1083 1522 1177 1584 quam

177 1616 295 1688 septem
324 1615 356 1670 et
385 1610 500 1686 viginti
535 1610 612 1686 dies,
641 1610 739 1670 donec
766 1611 826 1670 †ad
855 1610 1012 1670 desideria
1039 1611 1178 1671 militum

177 1716 404 1790 ordinarentur,
433 1715 597 1775 Brundisii
629 1719 847 1791 commoratus,
876 1716 971 1776 Asiae
1007 1716 1177 1794 Syriaeque

177 1821 306 1880 circuitu
339 1821 522 1899 Aegyptum
553 1821 636 1898 petit
663 1822 851 1898 obsessaque
879 1821 1087 1896 Alexandrea,
1116 1841 1177 1898 quo

177 1925 331 1985 Antonius
356 1945 427 1985 cum
452 1926 621 2004 Cleopatra
646 1927 839 2002 confugerat,
861 1926 949 1985 brevi
973 1927 1094 2004 potitus
1119 1931 1216 1986 est.15

149 2032 214 2090 4Et
235 2031 412 2091 Antonium
433 2032 561 2109 quidem
583 2051 667 2091 seras
692 2032 888 2090 condiciones
912 2032 998 2109 pacis
1024 2037 1178 2109 temptan-

176 2141 236 2196 tem
257 2137 298 2196 ad
320 2142 454 2197 mortem
476 2137 583 2213 adegit
604 2136 748 2214 viditque
773 2142 939 2196 mortuum.
983 2137 1176 2215 Cleopatrae,

121 2306 123 2310 Α
175 2261 265 2318 quam
288 2247 445 2301 servatam
466 2243 628 2319 triumpho
649 2261 762 2318 magno
787 2260 880 2319 opere
905 2242 1059 2318 cupiebat,
1082 2243 1177 2302 etiam

174 2347 297 2425 Psyllos
316 2346 458 2407 admovit
479 2348 534 2424 qui
554 2366 710 2407 venenum
727 2353 768 2406 'ac
788 2347 875 2406 virus
897 2353 1075 2423 exugerent,
1094 2348 1177 2424 quod

174 2453 291 2530 perisse
313 2471 419 2511 morsu
435 2452 560 2530 ‘aspidis
583 2453 762 2530 putabatur.
805 2452 967 2511 Ambobus
982 2470 1215 2515 communemao

174 2557 353 2636 sepulturae
381 2557 532 2617 honorem
553 2557 667 2618 tribuit
687 2577 724 2617 ac
749 2556 906 2616 tumulum
928 2557 968 2617 ab
996 2557 1073 2635 ipsis
1096 2559 1177 2616 inco-

153 2661 281 2722 ¹ebatum
306 2663 416 2740 perfici
439 2663 542 2732 iussit.
585 2663 760 2722 Antonium
785 2662 939 2737 invenem,
965 2662 1113 2722 maiorem
1137 2662 1176 2721 de

173 2767 292 2828 dnobus
306 2767 421 2828 Fulvia
435 2769 560 2844 genitis,
576 2768 743 2828 simulacro
762 2767 840 2827 Divi
854 2768 927 2842 Iuli,
942 2767 982 2827 ad
1002 2767 1085 2844 qnod
1104 2773 1176 2845 post

174 2874 287 2933 multas
305 2878 339 2933 et
356 2873 461 2933 irritas
480 2892 587 2950 preces
610 2874 803 2948 confugerat,
818 2872 984 2950 abreptum
1006 2873 1174 2932 interemit.

172 2979 254 3038 Item
283 2978 511 3053 Caesarionem,
540 2997 634 3055 quem
661 2997 700 3037 ex
728 2978 859 3037 Caesare
889 2984 978 3055 patre
1010 2978 1214 3056 Cleopatram

173 3083 351 3162 concepisse
373 3083 582 3160 praedicabat,
599 3088 770 3142 retractum
785 3102 801 3142 e
819 3083 895 3159 fuga
916 3083 1072 3162 supplicio
1092 3083 1177 3143 adfe-

172 3188 222 3249 cit.
266 3188 418 3265 Reliquos
439 3189 560 3248 Antoni
579 3189 767 3266 reginaeque
788 3208 966 3248 communes
984 3189 1099 3249 liberos
1113 3208 1176 3247 non

172 3313 259 3354 secus
274 3313 312 3354 ac
326 3294 557 3354 necessitudine
576 3295 697 3354 iunctos
716 3293 777 3354 sibi
792 3300 823 3354 et
838 3295 1035 3355 conservavit
1053 3301 1085 3354 et
1104 3313 1176 3354 mox

172 3419 229 3477 pro
244 3399 425 3460 condicione
441 3399 591 3476 cuiusque
606 3383 759 3459 sustinuit
772 3419 809 3459 ac
824 3400 914 3460 fovit.

116 3505 149 3554 18
211 3506 273 3565 Per
290 3505 375 3564 idem
394 3511 519 3582 tempus
539 3505 747 3565 conditorium
766 3511 799 3564 et
821 3525 931 3583 corpus
953 3506 1063 3582 Magni
1084 3506 1214 3565 Alex-30

171 3610 262 3670 andri
280 3629 351 3670 cum
366 3611 525 3688 prolatum
541 3629 557 3670 e
572 3611 727 3688 penetrali
742 3610 927 3670 subiecisset
941 3611 1049 3686 oculis,
1064 3631 1176 3672 corona

172 3733 266 3776 aurea
286 3714 436 3793 imposita
449 3734 485 3775 ac
499 3714 628 3775 floribus
650 3715 786 3793 aspersis
809 3721 975 3776 veneratus
992 3721 1041 3775 est
1058 3717 1177 3776 consul·
