2678 4140
161 241 180 305 6
227 252 257 303 c.
284 251 441 303 suarem
463 250 691 314 tusscorum
714 252 763 301 nu
788 251 877 302 vms
901 251 1104 303 classenm

159 424 228 503 pita
242 424 390 503 pecunias
405 443 444 484 ex
458 424 578 484 aerario
596 430 791 502 acceperant,
807 443 996 502 quamquam
1016 429 1165 502 exceptos

159 530 301 591 Cornelis
316 529 447 606 legibus.

200 635 390 696 Subomavit
404 635 501 695 etiam
514 635 570 712 qui
589 635 670 695 Gaio
689 635 819 695 Rabirio
835 635 1060 714 perduellionis
1078 635 1164 720 diem
1188 646 1222 696 12

158 740 286 829 diceret,
304 759 366 818 quo
382 740 552 818 praecipuo
570 741 713 800 adiutore
733 740 855 817 aliquot
873 746 947 801 ante
965 759 1064 801 annos
1085 741 1165 802 Luci

134 845 322 908 tSatumini
343 845 529 919 seditiosum
549 845 748 906 tribunatum
770 851 896 905 senatus
919 852 1106 922 coercuerat,
1128 864 1165 907 ac

159 957 242 1012 sorte
263 951 358 1011 iudex
379 950 413 1009 in
434 969 523 1010 reum
543 951 656 1010 ductus
676 957 742 1010 tam
758 951 870 1028 cupide
886 951 1107 1023 condemnavit
1127 958 1165 1012 ut

158 1058 198 1117 ad
220 1056 372 1135 populum
393 1056 578 1135 provocanti
599 1056 679 1114 nihil
699 1074 798 1133 aeque
819 1074 855 1116 ac
875 1055 988 1115 iudicis
1008 1056 1163 1118 acerbitas

158 1161 323 1240 profuerit.

197 1267 351 1344 Deposita
370 1266 550 1345 provinciae
571 1285 627 1344 spe
648 1265 866 1344 pontificatum
887 1266 1059 1327 maximum
1080 1267 1163 1345 petit
1187 1279 1220 1331 13

120 1388 221 1434 1onon
232 1372 299 1432 siue
313 1372 534 1450 profusissima
548 1371 734 1448 largitione,
756 1371 789 1430 in
804 1391 866 1449 qua
880 1377 1031 1449 reputans
1046 1373 1164 1448 magni-

158 1477 301 1538 tudinem
319 1477 401 1537 aeris
418 1476 524 1551 alieni,
546 1496 616 1536 cum
636 1495 726 1536 mane
745 1477 785 1537 ad
805 1476 932 1536 comitia
949 1477 1163 1553 descenderet,

158 1581 352 1661 praedixisse
364 1581 459 1641 matri
473 1581 627 1642 osculanti
642 1582 745 1641 fertur
759 1582 904 1640 domum
925 1600 963 1641 se
983 1581 1060 1641 nisi
1081 1600 1164 1659 pon-

158 1683 319 1747 tificem'
339 1705 411 1746 non
442 1705 690 1746 reversurum.
735 1686 840 1763 Atque
860 1686 905 1745 ita
924 1686 1161 1764 potentissimos

157 1793 235 1853 duos
256 1792 476 1869 competitores
496 1792 693 1869 multumque
713 1797 745 1851 et
764 1797 867 1851 aetate
886 1797 918 1851 et
936 1791 1093 1867 dignitate
1111 1811 1163 1852 an-

121 1898 337 1958 ittecedentes
362 1896 524 1974 superavit
548 1902 585 1956 ut
609 1896 702 1974 plura
726 1897 794 1974 ipse
820 1896 854 1954 in
878 1915 985 1956 eorum
1016 1896 1161 1957 tribubus

159 2002 308 2079 suffragia
329 2021 424 2079 quam
444 2007 578 2079 uterque
600 2001 634 2060 in
655 2001 799 2061 omnibus
821 2001 939 2062 tulerit.

197 2108 329 2168 Praetor
353 2113 486 2182 oreatus,
510 2107 635 2167 detecta
660 2107 873 2167 coniuratione
897 2107 1052 2169 Catilinae
1078 2128 1163 2169 eena-
1187 2123 1218 2173 14

158 2217 256 2290 tuque
283 2212 430 2272 universo
458 2212 491 2270 in
520 2212 619 2272 socios
651 2211 800 2272 facinoris
828 2213 974 2272 ultimam
1002 2219 1162 2274 statuente

158 2336 300 2397 poenam,
325 2318 410 2378 solus
432 2317 650 2394 municipatim
671 2317 858 2376 dividendos
880 2318 1162 2396 custodiendosque

119 2423 327 2501 aopublicatis
346 2423 436 2482 bonis
452 2422 582 2482 censuit.
625 2422 708 2492 Quin
722 2427 755 2481 et
774 2427 898 2481 tantum
918 2428 1037 2482 metum
1053 2423 1162 2483 iniecit

157 2528 317 2606 asperiora
331 2527 545 2602 suadentibus,
560 2527 734 2586 identidem
749 2532 911 2586 ostentans
929 2533 1047 2604 quanta
1061 2547 1114 2588 eos
1128 2529 1162 2587 in

158 2638 320 2712 posterum
334 2652 353 2693 a
367 2633 458 2710 plebe
479 2634 620 2691 Romana
637 2636 779 2691 maneret
797 2632 928 2707 invidia,
943 2638 980 2691 ut
993 2633 1161 2693 Decimum

159 2738 301 2799 Silanum
322 2739 481 2798 consulem
502 2737 701 2812 designatum
726 2756 789 2795 non
813 2737 951 2814 piguerit
972 2738 1161 2798 sententiam

159 2862 256 2918 suam,
285 2843 359 2920 quia
389 2848 511 2902 mutare
542 2847 634 2918 turpe
662 2847 739 2916 erat,
770 2841 1031 2918 interpretatione
1063 2843 1161 2902 lenire

1 2961 2 2966 ’
119 2949 246 3015 revelut
266 2948 393 3025 gravius
410 2953 506 3025 atque
528 2947 597 3024 ipse
617 2947 767 3006 sensisset
788 2953 959 3024 exceptam.
1003 2946 1183 3007 Obtinuis-‘s

159 3059 207 3115 set
220 3055 307 3129 adeo,
319 3053 511 3114 transductis
528 3052 591 3112 iam
601 3053 641 3112 ad
654 3071 687 3112 se
702 3051 845 3130 pluribus
857 3057 890 3111 et
903 3052 936 3110 in
951 3051 1001 3111 his
1013 3052 1161 3113 Cicerone

159 3160 294 3219 consulis
316 3159 425 3234 fratre,
446 3158 509 3219 nisi
533 3158 693 3218 labantem
715 3157 856 3216 ordinem
880 3155 1095 3217 confirmasset
1116 3158 1159 3217 M.

158 3264 286 3325 Catonis
301 3263 409 3324 oratic.
453 3264 500 3323 Ac
516 3281 556 3323 ne
571 3263 616 3322 sic
634 3262 762 3339 quidem
781 3262 934 3339 impedire
953 3280 1019 3321 rem
1035 3262 1161 3323 destitit

158 3369 260 3446 quoad
285 3387 395 3428 manus
419 3368 562 3446 equitum
590 3368 802 3426 Romanorum
827 3386 907 3444 quae
931 3372 1052 3427 armata
1076 3386 1162 3446 prae-

120 3493 149 3539 ³0
159 3473 232 3534 sidii
243 3493 336 3535 causa
346 3473 569 3534 circumstabat
584 3472 809 3531 inmoderatius
824 3473 1039 3548 perseveranti
1053 3492 1161 3533 necem

159 3580 347 3639 comminata
361 3584 418 3654 est,
433 3579 529 3639 etiam
544 3577 671 3636 strictos
689 3576 810 3652 gladios
828 3595 926 3653 usque
944 3596 980 3637 eo
999 3577 1162 3638 intentans

158 3689 194 3743 ut
208 3683 369 3744 sedentem
380 3701 442 3742 una
455 3682 592 3760 proximi
606 3681 812 3756 deseruerint,
824 3681 877 3740 vix
893 3682 984 3759 pauci
996 3683 1160 3760 complexu
