2678 4140
417 249 528 299 amna
552 249 588 299 11.
626 249 738 300 n1st
762 249 954 300 AUGUSTUS
1147 239 1188 302 83

184 439 281 504 roque
312 420 429 495 iuveni,
458 421 621 498 scripserit
655 421 813 498 quondam
843 440 978 498 parum
1014 421 1189 482 modeste

185 525 333 585 fecisse
362 545 445 585 eum
472 526 573 603 quod
604 526 737 586 filiam
767 545 873 586 suam
902 526 1019 586 Baias
1045 527 1189 588 saluta

160 637 264 690 atum
285 631 474 690 venisset.
517 633 658 708 Nepotes
680 637 713 691 et
733 631 856 691 litteras
879 638 911 691 et
931 637 1040 692 natare
1064 632 1188 710 aliaque

186 736 364 796 rudimenta
378 756 434 814 per
449 755 481 796 se
496 737 681 814 plerumque
699 737 815 812 docuit,
830 756 867 797 ac
880 737 961 796 nihil
976 756 1074 815 aeque
1089 738 1190 798 elabo

186 841 268 901 ravit
288 861 384 919 quam
404 848 442 901 nt
462 841 663 902 imitarentur
686 842 929 920 chirographum
951 862 1059 917 suum;
1087 857 1212 921 nequet

187 947 309 1006 cenavit
331 966 393 1006 una
413 947 475 1006 nisi
496 953 533 1006 ut
555 947 588 1005 in
609 947 672 1006 imo
693 947 775 1007 lecto
795 948 980 1024 assiderent,
1001 967 1103 1026 neque
1127 949 1188 1009 iter

186 1052 263 1112 fecit
276 1053 339 1111 nisi
353 1059 391 1112 ut
403 1052 549 1112 vehiculo
562 1053 720 1112 anteirent
733 1059 789 1113 aut
804 1054 885 1114 circa
899 1054 1127 1131 adequitarent.

125 1164 161 1213 65
226 1158 287 1217 Sed
301 1158 420 1218 laetum
434 1177 505 1217 eum
520 1164 615 1235 atque
630 1158 780 1218 fidentem
795 1165 827 1219 et
842 1160 950 1219 subole
969 1166 1002 1219 et
1019 1159 1188 1237 disciplina

185 1258 295 1322 domus
317 1265 457 1323 Fortuna
477 1264 634 1323 destituit.
678 1265 786 1339 Iulias,
805 1265 904 1324 filiam
923 1271 956 1324 et
974 1271 1112 1342 neptem,
1127 1285 1189 1324 om-

184 1369 276 1428 nibus
298 1369 421 1446 probris
444 1370 671 1430 contaminatas
694 1371 863 1446 relegavit3
894 1371 927 1430 Ο.
949 1377 983 1430 et
1002 1372 1038 1431 L.
1060 1371 1095 1429 in
1116 1370 1189 1430 duo
1198 1383 1226 1428 10

185 1474 339 1550 deviginti
362 1474 516 1534 mensium
538 1476 641 1552 spatio
663 1476 771 1535 amisit
792 1476 909 1551 ambos,
925 1476 1005 1535 Gaio
1025 1476 1060 1534 in
1079 1476 1187 1554 Lycia,

185 1580 282 1639 Lucio
297 1580 459 1639 Massiliae
473 1580 641 1640 defunctis.
686 1581 829 1640 Tertium
843 1587 991 1658 nepotem
1012 1581 1188 1659 Agrippam

185 1684 341 1762 simulque
360 1685 541 1762 privignum
561 1686 723 1745 Tiberium
741 1687 906 1764 adoptavit
923 1687 957 1745 in
974 1687 1043 1745 foro
1058 1687 1126 1763 lege
1140 1706 1189 1746 ou-

185 1791 283 1865 riata3
305 1809 343 1850 ex
360 1791 473 1868 quibus
497 1792 673 1869 Agrippam
689 1792 778 1851 brevi
792 1792 831 1851 ob
846 1792 1007 1869 ingenium
1027 1792 1188 1852 sordidum

184 1915 221 1956 ac
234 1896 324 1956 ferox
338 1896 498 1956 abdicavit
512 1898 715 1975 seposuitque
731 1899 925 1958 Surrentum.
1114 1956 1119 1965 ,
1197 1904 1225 1949 15

162 2016 176 2060 a
225 2001 399 2078 Aliquanto
426 2008 533 2062 autem
562 2002 736 2079 patientius
761 2009 894 2062 mortem
919 2023 1013 2080 quam
1036 2005 1189 2064 dedecora

185 2125 312 2166 suorum
332 2107 416 2166 tulit.
458 2109 543 2167 Nam
564 2109 597 2167 O.
617 2107 758 2185 Lucique
780 2127 854 2168 casu
874 2128 937 2167 non
958 2109 1036 2168 adeo
1057 2109 1187 2186 fractus,

185 2212 224 2270 de
240 2211 307 2271 filia
321 2212 433 2271 absens
450 2232 486 2272 ac
503 2213 611 2272 libello
629 2232 685 2289 per
705 2219 903 2290 quaestorem
925 2214 1057 2274 recitato
1077 2219 1188 2274 notum

186 2316 308 2376 senatui
329 2317 406 2376 fecit
426 2318 643 2394 abstinuitque
665 2337 832 2393 congressu
854 2318 1017 2377 hominum
1038 2318 1094 2377 diu
1112 2338 1187 2396 prae

185 2418 431 2499 pud01·e',etiam
455 2424 493 2483 de
517 2424 657 2482 necanda
682 2423 878 2483 deliberavit.
923 2425 1016 2483 Certe
1038 2443 1108 2482 cum
1130 2424 1226 2483 subeo

187 2526 269 2587 idem
291 2533 415 2605 tempus
436 2548 499 2588 una
520 2548 558 2588 ex
580 2528 712 2592 consciis
736 2529 851 2588 liberta
871 2529 997 2588 Phoebe
1019 2529 1187 2606 suspendio

186 2631 284 2692 vitam
311 2632 444 2707 finisset,
469 2633 658 2693 maluisse
686 2653 725 2693 se
754 2633 802 2693 ait
829 2633 1007 2692 Phoebes
1035 2639 1187 2710 patrem

163 2737 322 2797 afuisse.
365 2739 535 2814 Relegatae
559 2758 652 2798 nsum
677 2739 744 2797 vini
765 2757 950 2815 omnemque
973 2738 1186 2798 delicatiorem

187 2843 305 2902 cultum
332 2843 452 2903 ademit
474 2856 576 2921 neque
603 2843 686 2904 adiri
706 2863 725 2904 a
746 2863 904 2921 quoquam
931 2843 1030 2903 libero
1058 2862 1186 2904 servove

185 2947 246 3007 nisi
275 2967 308 3008 se
336 2949 478 3008 consulto
506 2948 661 3026 permisit,
686 2955 719 3008 et
743 2949 788 3009 ita
812 2954 848 3008 ut
873 2949 986 3008 certior
1007 2950 1098 3009 fieret
1125 2964 1224 3026 quara

186 3053 213 3112 is
236 3059 348 3128 aetate,
372 3074 434 3132 qua
462 3059 592 3130 statura,
614 3074 676 3131 quo
705 3055 805 3114 colore
834 3061 926 3130 esset,
949 3055 1045 3114 etiam
1072 3055 1185 3132 quibus

187 3159 323 3236 corporis
344 3160 428 3219 notis
450 3160 500 3219 vel
523 3160 729 3219 cicatricibus.
771 3161 850 3219 Post
871 3160 1120 3238 quinquennium
1137 3160 1187 3221 de

187 3283 272 3323 mum
300 3283 338 3324 ex
373 3265 477 3325 insula
511 3265 544 3324 in
579 3265 792 3325 continentem
826 3265 1058 3343 lenioribusque
1091 3267 1186 3344 paulo

187 3369 419 3430 condicionibus
448 3371 614 3431 transtulit
643 3390 719 3430 eam.
775 3372 859 3430 Nam
886 3377 923 3430 ut
952 3371 1078 3431 omnino
1102 3391 1186 3432 revo

187 3479 271 3544 caret
290 3475 412 3536 exorari
430 3476 518 3535 nullo
540 3476 632 3535 modo
651 3476 766 3553 potuit,
783 3476 966 3553 deprecanti
985 3475 1078 3554 saepe
1097 3496 1127 3554 p.
1147 3479 1184 3537 R.
1195 3491 1224 3536 30

186 3583 220 3639 et
235 3579 427 3656 pertinacius
446 3580 579 3640 instanti
597 3582 675 3641 tales
696 3581 778 3640 filias
801 3581 942 3658 talesque
962 3583 1107 3658 coniuges
1128 3602 1186 3660 pro

162 3683 330 3755 secutione
348 3685 537 3763 inprecatus.
579 3687 628 3744 Ex
645 3692 740 3763 nepte
757 3687 841 3746 Iulia
859 3693 934 3764 post
954 3687 1187 3762 damnationem
