2678 4140
444 264 600 316 munus
638 263 752 317 srvos
774 264 898 316 wmus
1134 253 1175 319 13

173 436 261 495 cundi
287 436 470 496 consulatus
495 437 625 497 daretur
649 455 689 496 ne
717 455 754 498 ea
778 455 871 496 causa
896 435 1049 499 maturius
1075 441 1107 496 et
1131 437 1176 496 in-

153 541 308 619 lperfecto
332 541 436 601 adhuc
460 541 544 601 bello
572 541 746 602 decederet.
788 541 878 611 Quod
898 546 935 601 ut
958 541 1092 619 adeptus
1115 548 1173 617 est,

168 646 278 707 altiora
303 646 367 707 iam
393 646 550 707 meditans
574 653 607 706 et
629 646 697 725 spei
718 647 831 724 plenus
852 646 976 706 nullum
996 646 1173 724 largitionis

167 757 218 814 sut
241 751 416 812 officiorum
439 752 473 810 in
493 770 684 829 quemquam
701 769 799 828 genus
817 750 942 829 publice
962 751 1174 829 privatimque

168 857 281 918 omisit
324 859 441 918 Forum
462 859 501 917 de
521 857 677 917 manubiis
696 856 867 932 incohavit,
882 856 970 916 cuius
988 876 1061 918 area
1080 871 1196 935 supero

168 963 348 1024 sestertium
372 963 476 1024 milies
500 963 653 1023 constitit.
696 964 813 1021 Munus
842 962 960 1041 populo
983 963 1173 1041 epulumque

167 1068 384 1146 pronuntiavit
403 1069 438 1128 in
454 1069 539 1129 filiae
563 1070 755 1146 memoriam,
773 1070 858 1147 quod
882 1075 956 1130 ante
978 1089 1050 1130 eum
1071 1089 1171 1130 nemo,

167 1174 304 1244 Quorum
323 1179 474 1253 utquam
496 1175 634 1235 maxima
656 1175 835 1253 expectatio
858 1180 950 1250 esset,
962 1175 1009 1236 'ea
1030 1194 1110 1252 quae
1131 1175 1172 1236 ad

167 1280 294 1357 epulum
315 1280 520 1357 pertinerent,
541 1281 685 1357 quamvis
708 1280 890 1377 macellaris
905 1279 1056 1355 ablocata,
1077 1280 1172 1341 etiam

148 1385 398 1445 sdomesticatim
418 1385 603 1463 apparabat.
646 1385 847 1446 Gladiatores
875 1391 976 1460 notos,
1005 1386 1104 1446 sicubi
1129 1387 1212 1446 in-lo

166 1490 255 1550 iestis
286 1490 518 1567 spectatoribus
547 1491 744 1566 dimicarent,
768 1491 801 1550 vi
826 1491 992 1569 rapiendos
1017 1510 1174 1552 reservan-

166 1596 282 1672 dosque
311 1595 490 1656 mandabat.
533 1597 664 1656 Tirones
695 1616 798 1674 neque
827 1597 861 1656 in
889 1597 964 1656 ludo
992 1616 1095 1676 neque
1117 1616 1173 1676 per
1257 1627 1260 1634 ·

166 1701 306 1775 lanistas,
336 1701 391 1760 sed
420 1701 454 1759 in
482 1701 627 1761 domibus
656 1721 713 1779 per
741 1702 863 1779 equites
896 1703 1053 1764 Romanos
1077 1710 1173 1781 atque

166 1805 259 1866 etiam
275 1825 332 1883 per
347 1811 507 1866 senatores
527 1825 686 1866 armorum
706 1808 824 1885 peritos
840 1807 1012 1884 erudiebat,
1027 1808 1172 1886 precibus

165 1911 297 1985 enitens,
321 1911 404 1987 quod
433 1911 580 1989 epistulis
605 1911 671 1971 eius
698 1913 884 1988 ostenditur,
907 1918 944 1972 ut
972 1912 1174 1991 disciplinam
1182 1926 1211 1972 rs

165 2015 359 2092 singulorum
398 2016 595 2094 susciperent
633 2017 758 2095 ipsique
797 2018 918 2079 dictata
955 2018 1172 2078 exercentibus

164 2121 284 2181 darent.
327 2121 518 2196 Legionibus
531 2122 725 2199 stipendium
740 2123 774 2181 in
788 2129 977 2201 perpetuum
987 2124 1171 2202 duplicavit,

164 2227 380 2300 Frumentum,
397 2226 544 2303 quotiens
562 2226 652 2304 copia
668 2234 761 2302 esset,
776 2228 872 2289 etiam
889 2229 957 2288 sine
978 2229 1070 2288 modo
1091 2247 1174 2288 men-

164 2350 298 2408 suraque
319 2330 465 2408 praebuit
481 2351 518 2391 ac
532 2331 658 2408 singula
675 2332 835 2392 interdum
855 2334 1012 2411 mancipia
1025 2353 1042 2393 e
1056 2334 1173 2412 praeda

164 2437 285 2496 viritim
300 2436 397 2497 dedit.
1182 2455 1212 2500 tt

113 2544 141 2597 27
204 2541 256 2600 Ad
277 2541 475 2602 retinendam
496 2549 603 2603 autem
625 2544 757 2622 Pompei
779 2545 1045 2606 necessitudinem
1065 2565 1103 2606 ac
1122 2565 1174 2603 vo

164 2647 320 2707 luntatem
335 2646 500 2707 Octaviam
515 2649 631 2708 sororis
648 2668 722 2709 suae
737 2655 874 2726 neptem,
889 2669 969 2726 quae
991 2650 1071 2710 Gaio
1091 2651 1173 2709 Mar-

164 2752 241 2812 cello
267 2758 367 2830 nupta
392 2759 469 2828 erat,
495 2753 710 2828 condicionem
732 2755 761 2813 ei
786 2755 903 2815 detulit
928 2755 1050 2832 sibique
1073 2755 1172 2815 filiam

163 2857 230 2917 eius
259 2857 293 2916 in
321 2857 557 2917 matrimonium
583 2859 665 2936 petit
692 2861 811 2920 Fausto
839 2860 944 2919 Sullae
971 2860 1170 2920 destinatam.

163 2962 317 3023 Omnibus
331 2982 406 3023 vero
422 2963 504 3023 circa
519 2971 696 3041 sumatque
708 2965 804 3025 etiam
819 2971 909 3043 parte
920 2984 1034 3042 magna
1045 2971 1171 3026 senatus
1180 2984 1210 3030 rs

163 3067 303 3143 gratuito
322 3073 379 3128 aut
402 3068 465 3128 levi
489 3069 617 3128 faenore
646 3068 816 3145 obstrictis,
842 3089 881 3130 ex
903 3071 1025 3148 reliquo
1047 3090 1171 3149 quoque

164 3173 310 3232 ordinum
324 3193 437 3250 genere
449 3173 499 3233 vel
511 3174 662 3234 invitatos
675 3176 725 3235 vel
741 3182 853 3253 sponte
867 3177 908 3236 ad
923 3195 956 3236 se
968 3177 1170 3237 commeantis

163 3277 321 3339 uberrimo
343 3280 501 3356 congiario
524 3281 781 3358 prosequebatur,
807 3281 937 3341 libertos
960 3282 1089 3360 insuper
1111 3301 1172 3342 ser-

163 3369 316 3461 vulosque
346 3384 496 3461 cuiusque
526 3391 621 3462 prout
645 3386 772 3446 domino
793 3393 966 3464 patronove
986 3394 1094 3464 gratus
1116 3388 1171 3465 qui

82 3486 85 3493 ’
141 3476 258 3550 resset
300 3490 383 3549 Tum
397 3509 520 3549 reorum
534 3495 591 3550 aut
605 3492 821 3552 obaeratorum
837 3498 892 3552 aut
907 3493 1056 3571 prodigae
1067 3493 1209 3555 iuven-³0

164 3588 243 3654 tutis¹
259 3594 434 3654 subsidium
449 3595 577 3654 unicum
591 3615 628 3655 ac
643 3597 916 3674 promptissimum
931 3605 1007 3673 erat,
1019 3599 1081 3659 nisi
1092 3618 1170 3676 quos

164 3699 289 3777 gravior
317 3698 484 3758 criminum
512 3700 562 3759 vel
595 3701 720 3778 inopiae
751 3703 933 3764 luxuriaeue
961 3704 1010 3764 vis
1045 3711 1171 3787 urgeret
