2678 4140
418 225 530 276 rmus
554 225 589 276 11.
627 225 740 276 mvos
763 224 954 276 aucusrus
1147 213 1188 278 59

187 396 346 475 Cohortes,
362 399 484 476 siquae
499 399 668 459 cessissent
682 399 759 473 loc0,
771 398 942 458 decimatas
957 397 1075 458 hordeo
1090 398 1187 476 pavit.

186 502 390 564 Centuriones
406 504 542 564 statione
557 505 690 579 deserta,
702 504 814 563 itidem
825 509 862 563 ut
876 503 1097 581 manipulares,
1109 504 1190 581 capi-

184 609 242 668 tali
255 609 528 669 animadversione
548 610 663 688 puniit,
678 629 736 687 pro
751 615 854 669 cetero
875 608 1062 669 delictorum
1076 628 1188 685 genere

184 714 280 774 variis
295 714 465 791 ignominis
483 715 612 791 adfecit,
627 720 663 774 ut
678 721 762 775 stare
776 735 833 793 per
847 720 949 775 totum
968 715 1052 775 diem
1066 715 1188 776 iuberet

183 826 257 880 ante
278 820 481 898 praetorium,
501 821 661 880 interdum
683 821 839 881 tunicatos
861 821 1101 898 discinctosque,
1116 834 1212 880 non-5

184 944 356 1004 numquam
368 945 439 986 cum
453 927 652 1004 decempedis
663 927 713 987 vel
726 927 822 987 etiam
834 927 1004 1005 caespitem
1015 932 1186 1005 portantes.

115 1022 150 1074 ²5
223 1033 335 1109 Neque
350 1037 423 1109 post
436 1031 520 1091 bella
534 1032 641 1092 civilia
651 1038 707 1092 aut
718 1032 751 1090 in
763 1032 906 1091 contione
917 1037 973 1092 aut
984 1052 1040 1110 per
1051 1032 1189 1092 edictum

186 1136 265 1196 ullos
281 1137 419 1196 militum
434 1138 663 1198 commilitones
680 1136 871 1215 appellabat,
887 1137 941 1196 sed
956 1137 1085 1212 milites,
1099 1156 1136 1197 ac
1149 1156 1188 1197 ne

186 1241 291 1301 afiliis
306 1242 435 1319 quidem
448 1248 504 1302 aut
518 1243 673 1321 privignis
689 1242 754 1302 suis
771 1242 904 1320 imperio
922 1242 1076 1320 praeditis
1095 1243 1189 1302 aliter

186 1346 339 1424 appellari
354 1366 466 1424 passus
481 1353 539 1423 est,
554 1347 752 1407 ambitiosius
773 1346 806 1405 id
824 1347 1009 1407 existimans
1024 1367 1118 1425 quam
1133 1352 1227 1408 aut10

186 1452 265 1511 ratio
289 1452 437 1512 militaris
463 1459 519 1513 aut
543 1460 721 1531 temporum
747 1453 836 1529 quies
858 1446 914 1512 au't
939 1472 995 1513 sua
1015 1453 1189 1531 domusque

157 1568 258 1617 2suae
273 1556 421 1618 maiestas
436 1559 621 1636 postularet.
663 1558 827 1618 Libertino
842 1558 953 1634 milite,
969 1565 1189 1636 praeterquam

187 1663 302 1722 Romae
324 1663 541 1723 incendiorum
562 1683 655 1724 causa
669 1670 702 1723 et
716 1664 744 1723 si
759 1664 914 1724 tumultus
929 1664 963 1722 in
977 1663 1120 1740 graviore
1138 1683 1190 1723 an·

187 1787 266 1828 nona
297 1773 499 1844 metueretur,
527 1767 576 1828 bis
604 1788 680 1828 usus
709 1775 775 1828 est:
804 1769 900 1828 semel
928 1770 968 1829 ad
997 1769 1190 1846 praesidium

189 1873 377 1933 coloniarum
398 1874 564 1951 Illyricum
586 1874 845 1950 contingentium,
861 1874 976 1934 iterum
995 1875 1035 1934 ad
1056 1874 1189 1934 tutelam
1201 1889 1228 1933 15

189 1977 272 2056 ripae
293 1977 399 2037 Rheni
419 1978 577 2054 fluminis3
606 1999 730 2056 eosque,
753 1998 858 2038 servos
879 1979 982 2039 adhuo
1003 1979 1080 2038 viris
1103 1978 1191 2037 femi-

188 2083 296 2160 nisque
311 2083 581 2160 pecuniosioribus
597 2084 733 2144 indictos
744 2102 780 2143 ao
792 2084 859 2143 sine
870 2103 957 2143 mora
971 2083 1189 2158 manumissos,

189 2189 243 2249 sub
262 2189 367 2266 priore
382 2189 499 2248 vexillo
519 2189 640 2264 habuit,
655 2208 757 2266 neque
777 2193 833 2248 aut
855 2188 1039 2248 commixtos
1062 2207 1131 2247 cum
1147 2189 1191 2247 in-

188 2293 294 2368 gennis
309 2298 365 2353 aut
379 2295 489 2354 eodem
503 2295 595 2353 modo
608 2298 754 2354 armatos.
962 2372 965 2379 .

168 2408 181 2452 3
223 2400 316 2458 Dona
338 2398 489 2459 militaria
508 2400 672 2476 aliquanto
693 2399 818 2458 facilius
840 2399 984 2477 phaleras
1002 2405 1035 2460 et
1053 2406 1229 2477 torqueano
1257 2450 1261 2457 .

189 2504 336 2581 quicquid
361 2524 437 2564 auro
465 2510 658 2583 argentoque
688 2510 855 2579 constaret,
878 2525 973 2582 quam
996 2504 1130 2565 vallares
1155 2484 1191 2564 ac

189 2610 322 2669 murales
345 2628 484 2685 coronas,
505 2629 585 2687 quae
606 2610 723 2670 honore
745 2610 980 2688 praecellerent,
1001 2610 1113 2685 dabat3
1133 2609 1190 2669 has

189 2734 281 2791 quam
302 2715 485 2792 parcissime
500 2720 532 2774 et
551 2715 618 2775 sine
639 2716 811 2776 ambitione
832 2735 868 2775 ac
890 2735 982 2794 saepe
1004 2715 1099 2775 etiam
1121 2714 1192 2775 cali-

189 2821 268 2896 gatis
297 2821 418 2881 tribuit.
475 2823 519 2881 M.
546 2821 722 2900 Agrippam
750 2822 784 2880 in
813 2822 921 2881 Sicilia
947 2827 1021 2899 post
1047 2821 1191 2881 navalem

189 2925 352 2986 victoriam
377 2926 518 2986 caenuleo
539 2926 656 2986 vexillo
677 2926 816 2987 donavit.
860 2927 948 2986 Solos
974 2926 1230 3005 triumphabant

189 3050 377 3109 quamquam
398 3037 431 3091 et
453 3031 551 3091 socios
574 3031 810 3110 expeditionum
830 3038 862 3093 et
883 3033 1053 3110 participes
1068 3031 1192 3092 victori-

188 3155 276 3196 arum
291 3155 427 3212 suarum,
438 3156 609 3214 numquam
623 3138 713 3197 donis
729 3138 953 3216 impertiendos
969 3138 1094 3216 putavit
1108 3138 1192 3215 quod

189 3241 250 3319 ipsi
271 3261 395 3319 quoque
416 3242 465 3301 ius
487 3242 672 3302 habuissent
692 3244 853 3304 tribuendi
872 3263 909 3304 ea
928 3245 1041 3321 quibus
1063 3243 1190 3303 vellent.

164 3348 278 3406 rNihil
306 3353 411 3408 autem
440 3348 544 3408 minus
572 3350 716 3427 perfecto
740 3351 812 3410 duci
836 3371 930 3428 quam
956 3350 1193 3411 festinationem

190 3455 463 3534 temeritatemque
492 3457 657 3518 convenire
682 3457 903 3518 arbitrabatur.
946 3456 1062 3517 Crebro
1086 3456 1232 3535 itaqueao

190 3561 245 3637 illa
258 3561 413 3624 iactabat:
437 3565 541 3629 Σπεῦδε
555 3564 697 3643 βραδέως·

299 3680 435 3756 ἀσφαλὴς
449 3681 504 3762 γάρ
520 3678 579 3739 ἐστ’
595 3680 711 3755 ἀμείνων
724 3678 742 3756 ἢ
757 3679 860 3757 θρασὺς
876 3680 1083 3756 στρατηλάτης,
