2678 4140
377 236 549 287 1111111.
585 235 699 287 Urvus
722 234 913 287 AUGUSTUS
1105 223 1146 288 78

152 410 305 488 Nepotum
333 427 456 486 quoque
485 427 612 468 suorum
646 426 774 468 munere
808 425 879 466 cum
914 412 1147 467 consternatum

152 515 252 575 ruinae
271 520 359 574 metu
378 513 530 592 populum
549 513 683 573 retinere
702 518 735 572 et
752 512 934 571 confirmare
953 512 1147 571 nullomodo

151 626 259 698 posset,
282 619 410 679 transiit
433 637 450 678 e
475 618 544 677 loco
568 636 624 677 suo
651 622 747 693 atque
771 617 804 674 in
831 635 868 676 01
892 622 981 694 parte
1006 617 1147 678 consedit

151 745 222 802 quae
238 730 385 802 suspecta
398 724 532 783 maxime
546 729 622 783 erat.

25 819 116 881 44
185 830 355 908 Spectandi
376 829 633 889 confusissimum
646 848 682 889 ac
697 829 924 889 solutissimum
946 848 1064 889 morem
1085 846 1171 892 cor-U

150 936 226 995 rexit
253 935 482 1011 ordinavitque,
511 941 614 994 motus
642 935 757 994 iniuria
785 935 937 994 senatoris
967 953 1060 1012 quem
1088 935 1148 993 Pu·

149 1041 235 1100 teolis
263 1060 320 1118 per
345 1039 561 1101 celeberrimos
587 1040 677 1101 ludos
703 1059 849 1099 consessu
874 1040 1034 1117 frequenti
1054 1059 1146 1099 nemo

149 1151 312 1225 receperat.
368 1147 464 1205 Facto
496 1145 593 1220 igitur
622 1145 747 1204 decreto
774 1151 901 1222 patrum
927 1150 972 1220 ut,
1001 1144 1145 1222 quotiens

148 1251 219 1327 quid
247 1250 419 1328 spectaculi
447 1269 578 1327 usquam
603 1250 727 1327 publice
755 1251 908 1324 ederetur,
933 1250 1054 1328 primus
1078 1249 1147 1309 sub

148 1356 304 1415 selliorum
326 1355 401 1414 ordo
422 1361 548 1415 vacaret
570 1355 775 1430 senatoribus,
793 1357 911 1414 Romae
932 1355 1052 1431 legatos
1073 1355 1147 1414 libe-
1157 1369 1186 1414 10

148 1481 248 1522 rarum
270 1461 486 1537 sociarumque
507 1460 649 1536 gentium
670 1460 773 1520 vetuit
793 1460 826 1519 in
848 1461 1007 1521 orchestra
1029 1461 1145 1536 sedere,

147 1586 213 1625 cum
228 1567 381 1644 quosdam
396 1566 491 1625 011111
509 1565 649 1625 libertini
668 1565 790 1642 generis
811 1565 895 1625 mitti
917 1566 1143 1643 deprendisset.

128 1672 281 1731 2Militem
309 1671 443 1731 secrevit
469 1691 488 1731 a
516 1672 640 1749 popule.
684 1672 810 1731 Maritis
839 1691 855 1730 e
883 1671 974 1749 plebe
1002 1671 1144 1749 proprios

146 1777 267 1836 ordines
288 1776 471 1853 assignavit,
487 1776 693 1854 praetextatis
716 1796 848 1836 cuneum
870 1797 970 1852 suum,
991 1782 1024 1836 et
1045 1777 1147 1855 proxi·

146 1902 228 1941 mum
252 1882 451 1960 paedagogis,
477 1882 642 1960 sanxitque
667 1902 706 1941 ne
730 1883 801 1959 quis
827 1883 1019 1958 pullatorum
1043 1882 1146 1943 media
1155 1895 1184 1941 11

146 2007 236 2047 cavea
264 1988 395 2048 sederet.
452 1987 590 2046 Feminis
618 2007 657 2046 ne
686 1988 874 2063 gladiatores
902 1987 1039 2064 quidem,
1067 2007 1144 2064 quos

145 2092 318 2169 promiscue
341 2092 476 2169 spectari
498 2092 648 2151 sollemne
666 2092 742 2151 olim
757 2099 833 2168 erat,
850 2092 912 2151 nisi
930 2112 968 2152 ex
986 2092 1145 2170 superiore

126 2197 209 2257 eloco
244 2202 386 2275 spectare
422 2197 582 2256 concessit.
640 2197 721 2257 Solis
753 2197 928 2274 virginibus
963 2198 1144 2259 Vestalibus

145 2302 246 2363 locum
267 2304 301 2361 in
321 2304 445 2363 theatro
467 2303 636 2381 separatim
654 2310 686 2363 et
703 2310 810 2363 contra
831 2304 984 2381 praetoris
1006 2304 1143 2364 tribunal

146 2409 239 2468 dedit.
283 2409 484 2468 Athletarum
499 2429 572 2468 vero
588 2409 765 2486 spectaculo
783 2410 933 2469 muliebre
951 2429 1039 2469 secus
1054 2423 1184 2469 0111010

145 2514 220 2573 adeo
242 2514 469 2587 summovitut
491 2507 721 2591 pontificalibus
747 2515 830 2573 ludis
852 2514 995 2592 pugilum
1015 2534 1073 2592 par
1094 2533 1144 2591 po

145 2619 296 2678 stulatum
318 2619 479 2679 distulerit
502 2619 536 2678 in
560 2620 753 2696 insequentis
776 2620 838 2678 diei
860 2620 1050 2679 matutinum
1070 2625 1147 2678 tem-

145 2744 202 2802 pus
230 2724 426 2801 edixeritque
456 2725 648 2783 mulieres
682 2731 774 2784 1110
802 2726 937 2785 horam
967 2725 1145 2802 quintam

144 2829 280 2888 venire
302 2829 342 2887 in
362 2829 563 2889 theatrum
584 2849 659 2888 non
681 2830 847 2906 placere.

92 2945 122 2994 45
184 2936 259 3012 Ipse
281 2934 433 2994 circenses
455 2954 493 2994 ex
514 2935 684 2994 amicorum
706 2936 773 2994 fere
794 2936 1039 3014 libertorumque
1060 2950 1184 2997 cenare
1211 2966 1214 2970 ·

146 3039 224 3099 culis
248 3040 419 3117 spectabat,
442 3040 601 3099 interdum
626 3061 664 3099 ex
686 3041 845 3119 pulvinari
869 3049 901 3101 et
925 3042 1053 3119 quidem
1075 3062 1145 3102 cum

147 3145 275 3221 coniuge
298 3164 335 3205 ac
359 3145 466 3204 liberis
492 3147 612 3205 sedens.
656 3147 840 3224 Spectaculo
864 3148 1015 3225 plurimas
1042 3148 1145 3222 horas,

145 3250 314 3328 aliquando
334 3255 417 3311 totos
439 3251 506 3310 dies
530 3252 647 3327 aberat,
670 3253 772 3331 petita
795 3253 887 3314 venia
911 3253 1149 3314 commendatis·

146 3374 205 3432 que
225 3356 282 3433 qui
303 3374 392 3416 suam
416 3355 516 3415 vicem
541 3357 748 3434 praesidendo
772 3359 986 3436 fungerentur.
1028 3361 1164 3421 Verum·

146 3461 290 3537 quotiens
317 3462 452 3536 adesset,
479 3462 560 3520 nihil
595 3470 756 3540 praeterea
789 3465 910 3541 agebat,
938 3485 994 3526 seu
1023 3464 1185 3528 vitandiso
1285 3512 1288 3517 ·

147 3567 278 3626 rumoris
307 3585 409 3642 eausa,
432 3586 493 3643 quo
521 3573 644 3644 patrem
671 3569 836 3629 Caesarem
862 3571 956 3647 vulgo
984 3570 1147 3648 reprehen-

147 3675 215 3730 sum
242 3672 513 3748 commemorabat,
541 3674 624 3749 quod
654 3673 736 3734 inter
766 3676 970 3752 spectandum
1000 3676 1146 3754 epistulis
