2678 4140
408 253 558 304 marrow
582 252 796 304 hworsrwcw
1034 241 1155 305 xxxvii

79 419 142 502 (2)
162 395 226 486 ‘on
240 425 296 486 the
310 424 401 486 other
414 425 535 486 hane’:

73 548 249 606 Simultates
262 559 358 607 contra
376 591 382 606 .
403 593 410 607 .
431 593 437 606 .
458 557 566 618 occepit,
580 556 638 607 Jal.
653 556 693 607 73.

63 666 93 722 i.
143 673 184 731 De
192 691 203 732 :

58 809 142 898 (1)
160 821 221 878 For
235 819 291 880 the
304 839 391 880 more
404 821 495 881 usual
509 840 564 881 ccc:

53 939 120 994 de
143 950 282 1013 Cleopatra
294 952 395 1014 liberis,
408 951 479 1014 Aac.
496 952 569 1003 17.1.

49 1084 140 1176 (2)
160 1099 198 1157 In
210 1097 415 1160 abbreviated
430 1101 645 1178 expressions:

52 1218 202 1290 tropaeo
221 1230 275 1279 Gai
295 1230 372 1280 Mari
389 1232 420 1281 de
438 1232 578 1292 annrtha
596 1219 678 1295 deone
700 1232 815 1282 Cimbris
837 1235 915 1294 atque
938 1232 1074 1292 Teutonis,
1092 1229 1150 1280 Jut

14 1293 68 1355 11;
100 1313 261 1373 praecipua
272 1313 387 1363 mancae
400 1313 571 1364 lanceam
584 1315 677 1364 eccela
690 1327 784 1376 necere
797 1313 924 1373 coactum,
937 1312 996 1363 παι.
1009 1313 1085 1362 cac.

39 1403 94 1469 j,
139 1416 207 1474 Ec:

55 1549 138 1642 (1)
158 1562 352 1640 Equivalent
366 1567 399 1622 to
408 1571 478 1640 post
486 1584 496 1622 .·

57 1706 125 1752 Q
129 1709 260 1767 praetura
264 1705 446 1768 proficiscens,
457 1706 515 1756 Jnl.
528 1706 557 1756 71
570 1724 577 1768 ;
595 1707 637 1756 Ec
644 1709 777 1767 practura
795 1743 801 1755 .
824 1743 829 1756 .
851 1743 858 1756 .
878 1703 1116 1766 eoanmsnpe.
1128 1705 1150 1754 1.

58 1842 137 1933 (2)
159 1853 199 1911 In
212 1852 374 1912 adverbia]
389 1852 537 1930 phrases:

28 2043 32 2054 Ι
63 1986 96 2021 Θ
119 1983 219 2034 diverso
239 1984 283 2048 (=
295 1984 416 2048 contra),
435 1982 493 2032 Jal.
514 1984 598 2044 86.2;
616 1996 648 2033 ec
666 1983 812 2044 inproviso,
831 1982 902 2043 Aac.
924 1982 991 2032 16.3
1002 1998 1008 2043 ;
1032 1993 1063 2031 ea
1081 1991 1155 2030 occa-

14 2057 126 2115 ³²⁰hc
139 2066 181 2131 (=
192 2067 331 2116 occasione
343 2066 434 2130 dota),
448 2064 506 2115 Jal.
521 2066 562 2114 60.

62 2177 118 2248 7⁶.
145 2192 203 2250 In:

74 2315 137 2401 (1)
160 2320 252 2381 With
266 2321 321 2381 the
335 2321 531 2382 accusative:

77 2447 137 2532 (a)
161 2453 207 2511 To
221 2470 351 2530 express
366 2451 476 2527 design
491 2470 526 2510 or
540 2470 685 2529 purpose,
705 2480 735 2505 =
748 2456 807 2513 all:

79 2570 122 2623 ‘ln
132 2574 212 2636 filiae
229 2575 398 2635 memoriam,
411 2574 469 2624 Jnl.
484 2575 525 2623 26.
535 2575 551 2622 2
563 2593 568 2635 ;
588 2576 618 2622 in
628 2575 762 2635 puerilem
780 2573 912 2637 halitum,
928 2575 1000 2637 Aac.
1018 2575 1059 2625 45.
1069 2575 1103 2638 43
1121 2575 1155 2625 ln

27 2647 246 2707 fescannum
259 2657 405 2707 Palatinae
417 2657 521 2716 domus,
533 2657 605 2718 Aac.
620 2657 660 2707 57.
671 2658 695 2706 2.

87 2773 135 2854 (b)
159 2773 203 2833 Of
217 2772 311 2832 time:

84 2895 120 2945 in
138 2897 272 2958 reliquam
293 2897 362 2945 anni
382 2898 493 2957 tempas,
513 2895 571 2945 Jnl.
593 2897 676 2957 14.2;
704 2897 733 2944 in
752 2898 842 2946 minas
863 2897 1022 2947 novissimos
1042 2909 1154 2957 menses,

41 2959 108 3028 Jul.
123 2979 164 3030 76.
174 2981 190 3028 2
201 2997 208 3041 ;
226 2980 256 3028 in
267 2981 380 3039 noctem,
392 2979 463 3038 Aac.
478 2978 519 3027 33.
532 2980 544 3026 1
558 2996 564 3039 3
584 2979 614 3026 in
625 2991 725 3038 ceram,
737 2978 809 3039 Aue.
825 2978 864 3028 17.
875 2981 898 3028 2.

93 3103 133 3184 (c)
157 3103 253 3162 After
266 3101 457 3181 adjectiwes:

94 3225 216 3276 Romam
228 3227 254 3275 ct
264 3226 449 3286 sumptuosum
461 3225 491 3273 in
503 3224 638 3285 litwinec,
651 3223 673 3272 J
674 3224 709 3273 al.
724 3225 764 3274 50.
776 3226 798 3273 1.

97 3372 139 3452 (2)
161 3370 254 3432 With
267 3370 322 3430 the
335 3369 490 3430 ablative:

10 3512 12 3517 ’
74 3511 142 3592 7(a)
165 3511 209 3571 Of
222 3510 309 3585 time,
324 3509 427 3568 where
442 3509 496 3569 the
510 3509 581 3569 best
595 3509 718 3569 writers
733 3509 837 3569 would
851 3509 930 3571 omit
943 3510 987 3571 it:

97 3643 126 3691 in
142 3644 228 3692 aetate
239 3654 294 3703 qua
311 3641 367 3689 iam
384 3640 537 3690 Alexander
555 3677 561 3689 .
582 3677 589 3689 .
610 3677 616 3690 .
637 3640 791 3701 accepisset,
811 3640 868 3690 Jal.
890 3641 956 3703 7.1;
980 3643 1010 3690 in
1028 3642 1076 3692 illo
1094 3645 1157 3693 tem

71 3725 136 3782 poro
152 3725 249 3786 spatio,
267 3722 338 3785 Any.
359 3722 443 3785 78.1;
461 3722 604 3785 especially
620 3723 650 3772 in
667 3723 776 3786 phrases
793 3723 847 3772 like
864 3724 899 3773 In
916 3724 1069 3787 consolata,
1082 3725 1153 3787 Auo.
