<?xml version="1.0" encoding="UTF-8"?>
<!DOCTYPE html PUBLIC "-//W3C//DTD XHTML 1.0 Transitional//EN"
    "http://www.w3.org/TR/xhtml1/DTD/xhtml1-transitional.dtd">
<html xmlns="http://www.w3.org/1999/xhtml" xml:lang="en" lang="en">
 <head>
  <title>
</title>
<meta http-equiv="Content-Type" content="text/html;charset=utf-8" />
  <meta name='ocr-system' content='tesseract 3.04.00' />
  <meta name='ocr-capabilities' content='ocr_page ocr_carea ocr_par ocr_line ocrx_word'/>
</head>
<body>
  <div class='ocr_page' id='page_1' title='image "./gaisuetonitranq01suetgoog_0101.png"; bbox 0 0 2678 4146; ppageno 0'>
   <div class='ocr_carea' id='block_1_1' title="bbox 154 219 1113 290">
    <p class='ocr_par' dir='ltr' id='par_1_1' title="bbox 154 219 1113 290">
     <span class='ocr_line' id='line_1_1' title="bbox 154 219 1113 290; baseline -0.003 -7"><span class='ocrx_word' id='word_1_1' title='bbox 154 219 196 283; x_wconf 78' lang='lat'><strong>32</strong></span> <span class='ocrx_word' id='word_1_2' title='bbox 236 229 266 282; x_wconf 91' lang='lat' dir='ltr'><strong>c.</strong></span> <span class='ocrx_word' id='word_1_3' title='bbox 293 228 448 281; x_wconf 82' lang='lat' dir='ltr'><strong>sunrom</strong></span> <span class='ocrx_word' id='word_1_4' title='bbox 470 226 698 290; x_wconf 72' lang='lat' dir='ltr'><strong>rasuoumsr</strong></span> <span class='ocrx_word' id='word_1_5' title='bbox 722 227 771 278; x_wconf 83' lang='lat' dir='ltr'><strong>nn</strong></span> <span class='ocrx_word' id='word_1_6' title='bbox 795 227 885 279; x_wconf 74' lang='lat' dir='ltr'><strong>vrrs</strong></span> <span class='ocrx_word' id='word_1_7' title='bbox 909 228 1113 280; x_wconf 71' lang='lat' dir='ltr'><strong>causarum</strong></span> 
     </span>
    </p>
   </div>
   <div class='ocr_carea' id='block_1_2' title="bbox 112 402 1215 3746">
    <p class='ocr_par' dir='ltr' id='par_1_2' title="bbox 153 402 1215 797">
     <span class='ocr_line' id='line_1_2' title="bbox 194 402 1215 480; baseline 0.001 -17"><span class='ocrx_word' id='word_1_8' title='bbox 194 404 385 465; x_wconf 87' lang='lat' dir='ltr'><strong>Inclinatam</strong></span> <span class='ocrx_word' id='word_1_9' title='bbox 422 404 522 463; x_wconf 82' lang='lat' dir='ltr'>aciem</span> <span class='ocrx_word' id='word_1_10' title='bbox 561 402 645 462; x_wconf 89' lang='lat' dir='ltr'><strong>solus</strong></span> <span class='ocrx_word' id='word_1_11' title='bbox 684 422 777 480; x_wconf 90' lang='lat' dir='ltr'><strong>saepe</strong></span> <span class='ocrx_word' id='word_1_12' title='bbox 816 403 958 464; x_wconf 83' lang='lat' dir='ltr'><strong>restituit</strong></span> <span class='ocrx_word' id='word_1_13' title='bbox 997 403 1156 465; x_wconf 88' lang='lat' dir='ltr'><strong>obsistens</strong></span> <span class='ocrx_word' id='word_1_14' title='bbox 1180 411 1215 464; x_wconf 81' lang='grc'><strong>62</strong></span> 
     </span>
     <span class='ocr_line' id='line_1_3' title="bbox 154 509 1156 587; baseline 0.002 -19"><span class='ocrx_word' id='word_1_15' title='bbox 154 509 350 586; x_wconf 86' lang='lat' dir='ltr'><strong>fugientibus</strong></span> <span class='ocrx_word' id='word_1_16' title='bbox 376 510 577 587; x_wconf 83' lang='lat' dir='ltr'><strong>retinensque</strong></span> <span class='ocrx_word' id='word_1_17' title='bbox 604 509 743 585; x_wconf 89' lang='lat' dir='ltr'><strong>singulos</strong></span> <span class='ocrx_word' id='word_1_18' title='bbox 769 514 801 568; x_wconf 88' lang='lat' dir='ltr'><strong>et</strong></span> <span class='ocrx_word' id='word_1_19' title='bbox 829 509 981 569; x_wconf 89' lang='lat' dir='ltr'><strong>contortis</strong></span> <span class='ocrx_word' id='word_1_20' title='bbox 1010 509 1156 570; x_wconf 85' lang='lat' dir='ltr'><strong>faucibus</strong></span> 
     </span>
     <span class='ocr_line' id='line_1_4' title="bbox 154 614 1156 693; baseline 0.001 -19"><span class='ocrx_word' id='word_1_21' title='bbox 154 621 338 675; x_wconf 82' lang='lat' dir='ltr'><strong>convertens</strong></span> <span class='ocrx_word' id='word_1_22' title='bbox 353 615 387 673; x_wconf 92' lang='lat' dir='ltr'><strong>in</strong></span> <span class='ocrx_word' id='word_1_23' title='bbox 400 615 524 674; x_wconf 88' lang='lat' dir='ltr'><strong>hostem</strong></span> <span class='ocrx_word' id='word_1_24' title='bbox 535 614 707 692; x_wconf 91' lang='lat' dir='ltr'><strong>etquidem</strong></span> <span class='ocrx_word' id='word_1_25' title='bbox 720 614 799 674; x_wconf 88' lang='lat' dir='ltr'><strong>adeo</strong></span> <span class='ocrx_word' id='word_1_26' title='bbox 813 614 998 691; x_wconf 91' lang='lat' dir='ltr'><strong>plerumque</strong></span> <span class='ocrx_word' id='word_1_27' title='bbox 1013 615 1156 693; x_wconf 89' lang='lat' dir='ltr'><strong>trepidos</strong></span> 
     </span>
     <span class='ocr_line' id='line_1_5' title="bbox 153 719 1156 797; baseline 0 -17"><span class='ocrx_word' id='word_1_28' title='bbox 153 726 190 780; x_wconf 90' lang='lat' dir='ltr'><strong>ut</strong></span> <span class='ocrx_word' id='word_1_29' title='bbox 203 720 353 797; x_wconf 85' lang='lat' dir='ltr'><strong>aquilifer</strong></span> <span class='ocrx_word' id='word_1_30' title='bbox 373 719 509 779; x_wconf 89' lang='lat' dir='ltr'><strong>moranti</strong></span> <span class='ocrx_word' id='word_1_31' title='bbox 527 738 559 779; x_wconf 90' lang='lat' dir='ltr'><strong>se</strong></span> <span class='ocrx_word' id='word_1_32' title='bbox 578 719 707 797; x_wconf 84' lang='lat' dir='ltr'><strong>cuspide</strong></span> <span class='ocrx_word' id='word_1_33' title='bbox 725 720 768 779; x_wconf 92' lang='lat' dir='ltr'><strong>sit</strong></span> <span class='ocrx_word' id='word_1_34' title='bbox 787 719 1004 796; x_wconf 87' lang='lat' dir='ltr'><strong>comminatus,</strong></span> <span class='ocrx_word' id='word_1_35' title='bbox 1022 720 1105 781; x_wconf 88' lang='lat' dir='ltr'><strong>alius</strong></span> <span class='ocrx_word' id='word_1_36' title='bbox 1122 721 1156 780; x_wconf 91' lang='lat' dir='ltr'><strong>in</strong></span> 
     </span>
    </p>

    <p class='ocr_par' dir='ltr' id='par_1_3' title="bbox 129 825 760 903">
     <span class='ocr_line' id='line_1_6' title="bbox 129 825 760 903; baseline 0 -17"><span class='ocrx_word' id='word_1_37' title='bbox 129 841 248 887; x_wconf 79' lang='lat' dir='ltr'><strong>omanu</strong></span> <span class='ocrx_word' id='word_1_38' title='bbox 261 826 434 886; x_wconf 88' lang='lat' dir='ltr'><strong>detinentis</strong></span> <span class='ocrx_word' id='word_1_39' title='bbox 448 825 613 903; x_wconf 86' lang='lat' dir='ltr'><strong>reliquerit</strong></span> <span class='ocrx_word' id='word_1_40' title='bbox 628 825 760 902; x_wconf 84' lang='lat' dir='ltr'><strong>signum.</strong></span> 
     </span>
    </p>

    <p class='ocr_par' dir='ltr' id='par_1_4' title="bbox 153 931 1214 1326">
     <span class='ocr_line' id='line_1_7' title="bbox 192 931 1214 992; baseline 0 -2"><span class='ocrx_word' id='word_1_41' title='bbox 192 932 266 991; x_wconf 88' lang='lat' dir='ltr'><strong>Non</strong></span> <span class='ocrx_word' id='word_1_42' title='bbox 287 932 388 991; x_wconf 88' lang='lat' dir='ltr'><strong>minor</strong></span> <span class='ocrx_word' id='word_1_43' title='bbox 410 933 465 992; x_wconf 92' lang='lat' dir='ltr'><strong>illa</strong></span> <span class='ocrx_word' id='word_1_44' title='bbox 483 932 659 991; x_wconf 87' lang='lat' dir='ltr'><strong>constantia</strong></span> <span class='ocrx_word' id='word_1_45' title='bbox 676 931 760 991; x_wconf 91' lang='lat' dir='ltr'><strong>eius:</strong></span> <span class='ocrx_word' id='word_1_46' title='bbox 782 932 900 992; x_wconf 90' lang='lat' dir='ltr'><strong>maiora</strong></span> <span class='ocrx_word' id='word_1_47' title='bbox 920 932 1018 992; x_wconf 88' lang='lat' dir='ltr'><strong>etiam</strong></span> <span class='ocrx_word' id='word_1_48' title='bbox 1038 932 1157 992; x_wconf 89' lang='lat' dir='ltr'><strong>indicia</strong></span> <span class='ocrx_word' id='word_1_49' title='bbox 1179 939 1214 990; x_wconf 82' lang='grc'><strong>63</strong></span> 
     </span>
     <span class='ocr_line' id='line_1_8' title="bbox 153 1037 1156 1115; baseline 0.001 -20"><span class='ocrx_word' id='word_1_50' title='bbox 153 1037 281 1097; x_wconf 85' lang='lat' dir='ltr'><strong>fuerint.</strong></span> <span class='ocrx_word' id='word_1_51' title='bbox 323 1039 403 1097; x_wconf 89' lang='lat' dir='ltr'><strong>Post</strong></span> <span class='ocrx_word' id='word_1_52' title='bbox 429 1039 529 1097; x_wconf 90' lang='lat' dir='ltr'><strong>aciem</strong></span> <span class='ocrx_word' id='word_1_53' title='bbox 560 1037 775 1097; x_wconf 82' lang='lat' dir='ltr'><strong>Pharsalicam</strong></span> <span class='ocrx_word' id='word_1_54' title='bbox 806 1056 877 1096; x_wconf 91' lang='lat' dir='ltr'><strong>cum</strong></span> <span class='ocrx_word' id='word_1_55' title='bbox 907 1037 1091 1115; x_wconf 86' lang='lat' dir='ltr'><strong>praemissis</strong></span> <span class='ocrx_word' id='word_1_56' title='bbox 1121 1037 1156 1096; x_wconf 91' lang='lat' dir='ltr'><strong>in</strong></span> 
     </span>
     <span class='ocr_line' id='line_1_9' title="bbox 154 1142 1156 1227; baseline 0.002 -26"><span class='ocrx_word' id='word_1_57' title='bbox 154 1143 263 1203; x_wconf 86' lang='lat' dir='ltr'><strong>Asiam</strong></span> <span class='ocrx_word' id='word_1_58' title='bbox 278 1143 376 1222; x_wconf 91' lang='lat' dir='ltr'><strong>copiis</strong></span> <span class='ocrx_word' id='word_1_59' title='bbox 393 1162 450 1220; x_wconf 91' lang='lat' dir='ltr'><strong>per</strong></span> <span class='ocrx_word' id='word_1_60' title='bbox 463 1143 625 1219; x_wconf 86' lang='lat' dir='ltr'><strong>angustias</strong></span> <span class='ocrx_word' id='word_1_61' title='bbox 641 1142 844 1220; x_wconf 88' lang='lat' dir='ltr'><strong>Hellesponti</strong></span> <span class='ocrx_word' id='word_1_62' title='bbox 857 1143 998 1227; x_wconf 80' lang='lat' dir='ltr'><strong>rectoria</strong></span> <span class='ocrx_word' id='word_1_63' title='bbox 1009 1142 1156 1203; x_wconf 84' lang='lat' dir='ltr'><strong>navicula</strong></span> 
     </span>
     <span class='ocr_line' id='line_1_10' title="bbox 153 1247 1155 1326; baseline 0 -19"><span class='ocrx_word' id='word_1_64' title='bbox 153 1248 308 1323; x_wconf 83' lang='lat' dir='ltr'><strong>traiceret,</strong></span> <span class='ocrx_word' id='word_1_65' title='bbox 324 1250 358 1308; x_wconf 90' lang='lat' dir='ltr'><strong>L.</strong></span> <span class='ocrx_word' id='word_1_66' title='bbox 371 1248 515 1309; x_wconf 84' lang='lat' dir='ltr'><strong>Cassium</strong></span> <span class='ocrx_word' id='word_1_67' title='bbox 530 1248 629 1326; x_wconf 89' lang='lat' dir='ltr'><strong>partis</strong></span> <span class='ocrx_word' id='word_1_68' title='bbox 641 1249 790 1308; x_wconf 89' lang='lat' dir='ltr'><strong>adversae</strong></span> <span class='ocrx_word' id='word_1_69' title='bbox 806 1267 876 1308; x_wconf 87' lang='lat' dir='ltr'><strong>eum</strong></span> <span class='ocrx_word' id='word_1_70' title='bbox 889 1248 998 1308; x_wconf 82' lang='lat' dir='ltr'><strong>desem</strong></span> <span class='ocrx_word' id='word_1_71' title='bbox 1008 1247 1155 1308; x_wconf 89' lang='lat' dir='ltr'><strong>rostratis</strong></span> 
     </span>
    </p>

    <p class='ocr_par' dir='ltr' id='par_1_5' title="bbox 113 1353 1154 1536">
     <span class='ocr_line' id='line_1_11' title="bbox 113 1353 1154 1430; baseline 0 -17"><span class='ocrx_word' id='word_1_72' title='bbox 113 1353 284 1413; x_wconf 80' lang='lat' dir='ltr'><strong>lunaribus</strong></span> <span class='ocrx_word' id='word_1_73' title='bbox 300 1354 427 1412; x_wconf 88' lang='lat' dir='ltr'><strong>obvium</strong></span> <span class='ocrx_word' id='word_1_74' title='bbox 443 1354 504 1413; x_wconf 88' lang='lat' dir='ltr'><strong>sibi</strong></span> <span class='ocrx_word' id='word_1_75' title='bbox 517 1373 619 1430; x_wconf 90' lang='lat' dir='ltr'><strong>neque</strong></span> <span class='ocrx_word' id='word_1_76' title='bbox 633 1354 753 1429; x_wconf 85' lang='lat' dir='ltr'><strong>refugit</strong></span> <span class='ocrx_word' id='word_1_77' title='bbox 770 1359 802 1413; x_wconf 93' lang='lat' dir='ltr'><strong>et</strong></span> <span class='ocrx_word' id='word_1_78' title='bbox 820 1353 993 1412; x_wconf 90' lang='lat' dir='ltr'><strong>comminus</strong></span> <span class='ocrx_word' id='word_1_79' title='bbox 1011 1353 1154 1428; x_wconf 90' lang='lat' dir='ltr'><strong>tendens,</strong></span> 
     </span>
     <span class='ocr_line' id='line_1_12' title="bbox 151 1458 1105 1536; baseline 0 -18"><span class='ocrx_word' id='word_1_80' title='bbox 151 1459 236 1519; x_wconf 89' lang='lat' dir='ltr'><strong>ultro</strong></span> <span class='ocrx_word' id='word_1_81' title='bbox 250 1459 291 1518; x_wconf 92' lang='lat' dir='ltr'><strong>ad</strong></span> <span class='ocrx_word' id='word_1_82' title='bbox 304 1459 498 1518; x_wconf 89' lang='lat' dir='ltr'><strong>deditionem</strong></span> <span class='ocrx_word' id='word_1_83' title='bbox 513 1459 668 1534; x_wconf 86' lang='lat' dir='ltr'><strong>hortatus,</strong></span> <span class='ocrx_word' id='word_1_84' title='bbox 684 1459 859 1536; x_wconf 78' lang='lat' dir='ltr'><strong>supplicem</strong></span> <span class='ocrx_word' id='word_1_85' title='bbox 873 1459 914 1518; x_wconf 88' lang='lat' dir='ltr'><strong>ad</strong></span> <span class='ocrx_word' id='word_1_86' title='bbox 929 1477 962 1518; x_wconf 91' lang='lat' dir='ltr'><strong>se</strong></span> <span class='ocrx_word' id='word_1_87' title='bbox 977 1458 1105 1536; x_wconf 90' lang='lat' dir='ltr'><strong>recepit.</strong></span> 
     </span>
    </p>

    <p class='ocr_par' dir='ltr' id='par_1_6' title="bbox 151 1563 1213 1853">
     <span class='ocr_line' id='line_1_13' title="bbox 192 1563 1213 1643; baseline -0.005 -20"><span class='ocrx_word' id='word_1_88' title='bbox 192 1564 403 1624; x_wconf 87' lang='lat' dir='ltr'><strong>Alexandriae</strong></span> <span class='ocrx_word' id='word_1_89' title='bbox 435 1565 516 1624; x_wconf 90' lang='lat' dir='ltr'><strong>circa</strong></span> <span class='ocrx_word' id='word_1_90' title='bbox 549 1563 816 1641; x_wconf 80' lang='lat' dir='ltr'><strong>oppugnationem</strong></span> <span class='ocrx_word' id='word_1_91' title='bbox 849 1563 955 1643; x_wconf 89' lang='lat' dir='ltr'><strong>pontis</strong></span> <span class='ocrx_word' id='word_1_92' title='bbox 988 1563 1155 1642; x_wconf 90' lang='lat' dir='ltr'><strong>eruptione</strong></span> <span class='ocrx_word' id='word_1_93' title='bbox 1178 1567 1213 1618; x_wconf 78' lang='lat'><strong>64</strong></span> 
     </span>
     <span class='ocr_line' id='line_1_14' title="bbox 151 1669 1154 1748; baseline 0 -19"><span class='ocrx_word' id='word_1_94' title='bbox 151 1670 290 1730; x_wconf 89' lang='lat' dir='ltr'><strong>hostium</strong></span> <span class='ocrx_word' id='word_1_95' title='bbox 315 1670 420 1729; x_wconf 91' lang='lat' dir='ltr'><strong>subita</strong></span> <span class='ocrx_word' id='word_1_96' title='bbox 445 1669 613 1747; x_wconf 90' lang='lat' dir='ltr'><strong>conpulsus</strong></span> <span class='ocrx_word' id='word_1_97' title='bbox 635 1669 669 1727; x_wconf 92' lang='lat' dir='ltr'><strong>in</strong></span> <span class='ocrx_word' id='word_1_98' title='bbox 694 1670 852 1748; x_wconf 90' lang='lat' dir='ltr'><strong>scapham,</strong></span> <span class='ocrx_word' id='word_1_99' title='bbox 875 1669 1019 1747; x_wconf 91' lang='lat' dir='ltr'><strong>pluribus</strong></span> <span class='ocrx_word' id='word_1_100' title='bbox 1045 1670 1154 1729; x_wconf 90' lang='lat' dir='ltr'><strong>eodem</strong></span> 
     </span>
     <span class='ocr_line' id='line_1_15' title="bbox 152 1774 1155 1853; baseline -0.002 -18"><span class='ocrx_word' id='word_1_101' title='bbox 152 1775 444 1853; x_wconf 84' lang='lat' dir='ltr'><strong>praecipitantibus,</strong></span> <span class='ocrx_word' id='word_1_102' title='bbox 474 1794 545 1835; x_wconf 88' lang='lat' dir='ltr'><strong>cum</strong></span> <span class='ocrx_word' id='word_1_103' title='bbox 572 1774 733 1834; x_wconf 89' lang='lat' dir='ltr'><strong>desilisset</strong></span> <span class='ocrx_word' id='word_1_104' title='bbox 767 1775 799 1832; x_wconf 89' lang='lat' dir='ltr'><strong>in</strong></span> <span class='ocrx_word' id='word_1_105' title='bbox 835 1794 930 1850; x_wconf 91' lang='lat' dir='ltr'><strong>mare,</strong></span> <span class='ocrx_word' id='word_1_106' title='bbox 958 1775 1063 1835; x_wconf 91' lang='lat' dir='ltr'><strong>nando</strong></span> <span class='ocrx_word' id='word_1_107' title='bbox 1098 1793 1155 1853; x_wconf 90' lang='lat' dir='ltr'><strong>per</strong></span> 
     </span>
    </p>

    <p class='ocr_par' dir='ltr' id='par_1_7' title="bbox 114 1880 1156 2168">
     <span class='ocr_line' id='line_1_16' title="bbox 114 1880 1155 1959; baseline 0.002 -21"><span class='ocrx_word' id='word_1_108' title='bbox 114 1893 142 1938; x_wconf 78' lang='lat' dir='ltr'><strong>rs</strong></span> <span class='ocrx_word' id='word_1_109' title='bbox 151 1881 302 1940; x_wconf 90' lang='lat' dir='ltr'><strong>ducentos</strong></span> <span class='ocrx_word' id='word_1_110' title='bbox 324 1900 435 1959; x_wconf 89' lang='lat' dir='ltr'><strong>passus</strong></span> <span class='ocrx_word' id='word_1_111' title='bbox 453 1881 556 1940; x_wconf 86' lang='lat' dir='ltr'><strong>evasit</strong></span> <span class='ocrx_word' id='word_1_112' title='bbox 572 1881 612 1940; x_wconf 92' lang='lat' dir='ltr'><strong>ad</strong></span> <span class='ocrx_word' id='word_1_113' title='bbox 630 1880 807 1957; x_wconf 85' lang='lat' dir='ltr'><strong>proximam</strong></span> <span class='ocrx_word' id='word_1_114' title='bbox 823 1899 946 1958; x_wconf 82' lang='lat' dir='ltr'><strong>navem,</strong></span> <span class='ocrx_word' id='word_1_115' title='bbox 965 1880 1048 1941; x_wconf 91' lang='lat' dir='ltr'><strong>elata</strong></span> <span class='ocrx_word' id='word_1_116' title='bbox 1064 1880 1155 1940; x_wconf 88' lang='lat' dir='ltr'><strong>laeva</strong></span> 
     </span>
     <span class='ocr_line' id='line_1_17' title="bbox 151 1985 1156 2063; baseline 0 -19"><span class='ocrx_word' id='word_1_117' title='bbox 151 2004 189 2045; x_wconf 93' lang='lat' dir='ltr'><strong>ne</strong></span> <span class='ocrx_word' id='word_1_118' title='bbox 209 1985 310 2045; x_wconf 88' lang='lat' dir='ltr'><strong>libelli</strong></span> <span class='ocrx_word' id='word_1_119' title='bbox 327 2005 404 2063; x_wconf 89' lang='lat' dir='ltr'><strong>quos</strong></span> <span class='ocrx_word' id='word_1_120' title='bbox 423 1986 551 2045; x_wconf 86' lang='lat' dir='ltr'><strong>tenebat</strong></span> <span class='ocrx_word' id='word_1_121' title='bbox 569 1985 781 2061; x_wconf 88' lang='lat' dir='ltr'><strong>madefierent,</strong></span> <span class='ocrx_word' id='word_1_122' title='bbox 800 1986 1060 2063; x_wconf 85' lang='lat' dir='ltr'><strong>paludamentum</strong></span> <span class='ocrx_word' id='word_1_123' title='bbox 1077 2005 1156 2044; x_wconf 92' lang='lat' dir='ltr'><strong>mor·</strong></span> 
     </span>
     <span class='ocr_line' id='line_1_18' title="bbox 151 2090 852 2168; baseline 0.001 -19"><span class='ocrx_word' id='word_1_124' title='bbox 151 2090 239 2150; x_wconf 83' lang='lat' dir='ltr'><strong>disus</strong></span> <span class='ocrx_word' id='word_1_125' title='bbox 254 2091 382 2150; x_wconf 88' lang='lat' dir='ltr'><strong>trahens</strong></span> <span class='ocrx_word' id='word_1_126' title='bbox 397 2110 436 2150; x_wconf 92' lang='lat' dir='ltr'><strong>ne</strong></span> <span class='ocrx_word' id='word_1_127' title='bbox 452 2091 552 2168; x_wconf 88' lang='lat' dir='ltr'><strong>spolio</strong></span> <span class='ocrx_word' id='word_1_128' title='bbox 566 2098 729 2168; x_wconf 86' lang='lat' dir='ltr'><strong>poteretur</strong></span> <span class='ocrx_word' id='word_1_129' title='bbox 742 2091 852 2150; x_wconf 86' lang='lat' dir='ltr'><strong>hostis.</strong></span> 
     </span>
    </p>

    <p class='ocr_par' dir='ltr' id='par_1_8' title="bbox 151 2195 1211 2378">
     <span class='ocr_line' id='line_1_19' title="bbox 190 2195 1211 2274; baseline -0.004 -19"><span class='ocrx_word' id='word_1_130' title='bbox 190 2195 328 2255; x_wconf 89' lang='lat' dir='ltr'><strong>Militem</strong></span> <span class='ocrx_word' id='word_1_131' title='bbox 349 2215 451 2273; x_wconf 88' lang='lat' dir='ltr'><strong>neque</strong></span> <span class='ocrx_word' id='word_1_132' title='bbox 472 2216 491 2256; x_wconf 92' lang='lat' dir='ltr'><strong>a</strong></span> <span class='ocrx_word' id='word_1_133' title='bbox 513 2197 651 2255; x_wconf 89' lang='lat' dir='ltr'><strong>moribus</strong></span> <span class='ocrx_word' id='word_1_134' title='bbox 674 2215 774 2272; x_wconf 89' lang='lat' dir='ltr'><strong>neque</strong></span> <span class='ocrx_word' id='word_1_135' title='bbox 795 2216 814 2255; x_wconf 92' lang='lat' dir='ltr'><strong>a</strong></span> <span class='ocrx_word' id='word_1_136' title='bbox 835 2196 964 2257; x_wconf 83' lang='lat' dir='ltr'><strong>fortuna</strong></span> <span class='ocrx_word' id='word_1_137' title='bbox 990 2195 1154 2274; x_wconf 85' lang='lat' dir='ltr'><strong>probabat,</strong></span> <span class='ocrx_word' id='word_1_138' title='bbox 1177 2200 1211 2251; x_wconf 84' lang='grc'><strong>65</strong></span> 
     </span>
     <span class='ocr_line' id='line_1_20' title="bbox 151 2301 1154 2378; baseline 0.001 -18"><span class='ocrx_word' id='word_1_139' title='bbox 151 2301 206 2361; x_wconf 90' lang='lat' dir='ltr'><strong>sed</strong></span> <span class='ocrx_word' id='word_1_140' title='bbox 224 2306 348 2360; x_wconf 90' lang='lat' dir='ltr'><strong>tantum</strong></span> <span class='ocrx_word' id='word_1_141' title='bbox 365 2301 529 2377; x_wconf 89' lang='lat' dir='ltr'><strong>aviribus,</strong></span> <span class='ocrx_word' id='word_1_142' title='bbox 547 2301 765 2377; x_wconf 88' lang='lat' dir='ltr'><strong>tractabatque</strong></span> <span class='ocrx_word' id='word_1_143' title='bbox 784 2301 853 2378; x_wconf 90' lang='lat' dir='ltr'><strong>pari</strong></span> <span class='ocrx_word' id='word_1_144' title='bbox 872 2301 1041 2362; x_wconf 90' lang='lat' dir='ltr'><strong>severitate</strong></span> <span class='ocrx_word' id='word_1_145' title='bbox 1058 2307 1154 2378; x_wconf 90' lang='lat' dir='ltr'><strong>atque</strong></span> 
     </span>
    </p>

    <p class='ocr_par' dir='ltr' id='par_1_9' title="bbox 112 2407 1154 2906">
     <span class='ocr_line' id='line_1_21' title="bbox 112 2407 1154 2484; baseline -0.001 -17"><span class='ocrx_word' id='word_1_146' title='bbox 112 2407 356 2482; x_wconf 79' lang='lat' dir='ltr'><strong>aoindulgentia.</strong></span> <span class='ocrx_word' id='word_1_147' title='bbox 399 2409 472 2467; x_wconf 89' lang='lat' dir='ltr'><strong>Non</strong></span> <span class='ocrx_word' id='word_1_148' title='bbox 500 2407 584 2466; x_wconf 92' lang='lat' dir='ltr'><strong>enim</strong></span> <span class='ocrx_word' id='word_1_149' title='bbox 615 2408 731 2484; x_wconf 92' lang='lat' dir='ltr'><strong>ubique</strong></span> <span class='ocrx_word' id='word_1_150' title='bbox 763 2426 800 2466; x_wconf 90' lang='lat' dir='ltr'><strong>ao</strong></span> <span class='ocrx_word' id='word_1_151' title='bbox 833 2426 965 2484; x_wconf 88' lang='lat' dir='ltr'><strong>semper,</strong></span> <span class='ocrx_word' id='word_1_152' title='bbox 997 2407 1052 2466; x_wconf 91' lang='lat' dir='ltr'><strong>sed</strong></span> <span class='ocrx_word' id='word_1_153' title='bbox 1082 2426 1154 2466; x_wconf 91' lang='lat' dir='ltr'><strong>oum</strong></span> 
     </span>
     <span class='ocr_line' id='line_1_22' title="bbox 150 2511 1154 2589; baseline -0.001 -18"><span class='ocrx_word' id='word_1_154' title='bbox 150 2511 251 2572; x_wconf 88' lang='lat' dir='ltr'><strong>hostis</strong></span> <span class='ocrx_word' id='word_1_155' title='bbox 266 2511 300 2570; x_wconf 92' lang='lat' dir='ltr'><strong>in</strong></span> <span class='ocrx_word' id='word_1_156' title='bbox 314 2511 459 2589; x_wconf 89' lang='lat' dir='ltr'><strong>proximo</strong></span> <span class='ocrx_word' id='word_1_157' title='bbox 477 2518 570 2586; x_wconf 85' lang='lat' dir='ltr'><strong>esset,</strong></span> <span class='ocrx_word' id='word_1_158' title='bbox 585 2512 764 2572; x_wconf 90' lang='lat' dir='ltr'><strong>coercebat:</strong></span> <span class='ocrx_word' id='word_1_159' title='bbox 788 2517 856 2571; x_wconf 89' lang='lat' dir='ltr'><strong>tum</strong></span> <span class='ocrx_word' id='word_1_160' title='bbox 874 2511 1010 2572; x_wconf 90' lang='lat' dir='ltr'><strong>maxime</strong></span> <span class='ocrx_word' id='word_1_161' title='bbox 1027 2518 1154 2572; x_wconf 90' lang='lat' dir='ltr'><strong>exactor</strong></span> 
     </span>
     <span class='ocr_line' id='line_1_23' title="bbox 151 2616 1154 2695; baseline -0.001 -18"><span class='ocrx_word' id='word_1_162' title='bbox 151 2617 356 2694; x_wconf 87' lang='lat' dir='ltr'><strong>gravissimus</strong></span> <span class='ocrx_word' id='word_1_163' title='bbox 375 2618 573 2695; x_wconf 88' lang='lat' dir='ltr'><strong>disciplinae,</strong></span> <span class='ocrx_word' id='word_1_164' title='bbox 593 2623 631 2677; x_wconf 84' lang='lat' dir='ltr'><strong>ut</strong></span> <span class='ocrx_word' id='word_1_165' title='bbox 650 2636 752 2695; x_wconf 90' lang='lat' dir='ltr'><strong>neque</strong></span> <span class='ocrx_word' id='word_1_166' title='bbox 772 2617 896 2677; x_wconf 90' lang='lat' dir='ltr'><strong>itineris</strong></span> <span class='ocrx_word' id='word_1_167' title='bbox 918 2635 1019 2694; x_wconf 91' lang='lat' dir='ltr'><strong>neque</strong></span> <span class='ocrx_word' id='word_1_168' title='bbox 1040 2616 1154 2695; x_wconf 91' lang='lat' dir='ltr'><strong>proelii</strong></span> 
     </span>
     <span class='ocr_line' id='line_1_24' title="bbox 151 2722 1152 2801; baseline 0.002 -20"><span class='ocrx_word' id='word_1_169' title='bbox 151 2727 275 2800; x_wconf 89' lang='lat' dir='ltr'><strong>tempus</strong></span> <span class='ocrx_word' id='word_1_170' title='bbox 293 2722 505 2799; x_wconf 90' lang='lat' dir='ltr'><strong>denuntiaret,</strong></span> <span class='ocrx_word' id='word_1_171' title='bbox 524 2724 579 2783; x_wconf 91' lang='lat' dir='ltr'><strong>sed</strong></span> <span class='ocrx_word' id='word_1_172' title='bbox 597 2729 743 2801; x_wconf 90' lang='lat' dir='ltr'><strong>paratum</strong></span> <span class='ocrx_word' id='word_1_173' title='bbox 761 2728 793 2782; x_wconf 90' lang='lat' dir='ltr'><strong>et</strong></span> <span class='ocrx_word' id='word_1_174' title='bbox 810 2723 969 2782; x_wconf 90' lang='lat' dir='ltr'><strong>intentum</strong></span> <span class='ocrx_word' id='word_1_175' title='bbox 985 2722 1152 2783; x_wconf 91' lang='lat' dir='ltr'><strong>momentis</strong></span> 
     </span>
     <span class='ocr_line' id='line_1_25' title="bbox 151 2828 1153 2906; baseline 0.001 -19"><span class='ocrx_word' id='word_1_176' title='bbox 151 2828 295 2888; x_wconf 90' lang='lat' dir='ltr'><strong>omnibus</strong></span> <span class='ocrx_word' id='word_1_177' title='bbox 323 2848 385 2906; x_wconf 94' lang='lat' dir='ltr'><strong>quo</strong></span> <span class='ocrx_word' id='word_1_178' title='bbox 412 2829 510 2888; x_wconf 91' lang='lat' dir='ltr'><strong>vellet</strong></span> <span class='ocrx_word' id='word_1_179' title='bbox 535 2829 639 2888; x_wconf 91' lang='lat' dir='ltr'><strong>subito</strong></span> <span class='ocrx_word' id='word_1_180' title='bbox 660 2828 814 2888; x_wconf 86' lang='lat' dir='ltr'><strong>educeret.</strong></span> <span class='ocrx_word' id='word_1_181' title='bbox 857 2828 946 2898; x_wconf 78' lang='lat' dir='ltr'><strong>Quod</strong></span> <span class='ocrx_word' id='word_1_182' title='bbox 968 2828 1063 2888; x_wconf 89' lang='lat' dir='ltr'><strong>etiam</strong></span> <span class='ocrx_word' id='word_1_183' title='bbox 1085 2828 1153 2888; x_wconf 91' lang='lat' dir='ltr'><strong>sine</strong></span> 
     </span>
    </p>

    <p class='ocr_par' dir='ltr' id='par_1_10' title="bbox 113 2933 1153 3328">
     <span class='ocr_line' id='line_1_26' title="bbox 113 2933 1153 3012; baseline -0.003 -16"><span class='ocrx_word' id='word_1_184' title='bbox 113 2951 245 2996; x_wconf 74' lang='lat' dir='ltr'><strong>arcanea</strong></span> <span class='ocrx_word' id='word_1_185' title='bbox 272 2934 457 3012; x_wconf 88' lang='lat' dir='ltr'><strong>plerumque</strong></span> <span class='ocrx_word' id='word_1_186' title='bbox 485 2935 631 3008; x_wconf 87' lang='lat' dir='ltr'><strong>faciebat,</strong></span> <span class='ocrx_word' id='word_1_187' title='bbox 660 2934 826 3011; x_wconf 90' lang='lat' dir='ltr'><strong>praecipue</strong></span> <span class='ocrx_word' id='word_1_188' title='bbox 855 2933 972 3010; x_wconf 82' lang='lat' dir='ltr'><strong>pluviis</strong></span> <span class='ocrx_word' id='word_1_189' title='bbox 1000 2939 1033 2993; x_wconf 93' lang='lat' dir='ltr'><strong>et</strong></span> <span class='ocrx_word' id='word_1_190' title='bbox 1060 2933 1153 2993; x_wconf 86' lang='lat' dir='ltr'><strong>festis</strong></span> 
     </span>
     <span class='ocr_line' id='line_1_27' title="bbox 151 3039 1152 3117; baseline 0.001 -19"><span class='ocrx_word' id='word_1_191' title='bbox 151 3039 270 3099; x_wconf 88' lang='lat' dir='ltr'><strong>diebus.</strong></span> <span class='ocrx_word' id='word_1_192' title='bbox 313 3041 361 3100; x_wconf 89' lang='lat' dir='ltr'><strong>Ao</strong></span> <span class='ocrx_word' id='word_1_193' title='bbox 381 3040 513 3100; x_wconf 90' lang='lat' dir='ltr'><strong>subinde</strong></span> <span class='ocrx_word' id='word_1_194' title='bbox 532 3040 762 3100; x_wconf 89' lang='lat' dir='ltr'><strong>observandum</strong></span> <span class='ocrx_word' id='word_1_195' title='bbox 783 3058 815 3099; x_wconf 91' lang='lat' dir='ltr'><strong>se</strong></span> <span class='ocrx_word' id='word_1_196' title='bbox 834 3040 1005 3099; x_wconf 89' lang='lat' dir='ltr'><strong>admonens</strong></span> <span class='ocrx_word' id='word_1_197' title='bbox 1024 3045 1152 3117; x_wconf 90' lang='lat' dir='ltr'><strong>repente</strong></span> 
     </span>
     <span class='ocr_line' id='line_1_28' title="bbox 151 3144 1152 3222; baseline 0 -18"><span class='ocrx_word' id='word_1_198' title='bbox 151 3145 290 3204; x_wconf 89' lang='lat' dir='ltr'><strong>interdiu</strong></span> <span class='ocrx_word' id='word_1_199' title='bbox 305 3146 354 3205; x_wconf 93' lang='lat' dir='ltr'><strong>vel</strong></span> <span class='ocrx_word' id='word_1_200' title='bbox 374 3152 465 3206; x_wconf 90' lang='lat' dir='ltr'><strong>nocte</strong></span> <span class='ocrx_word' id='word_1_201' title='bbox 485 3145 690 3206; x_wconf 90' lang='lat' dir='ltr'><strong>subtrahebat</strong></span> <span class='ocrx_word' id='word_1_202' title='bbox 709 3144 904 3222; x_wconf 87' lang='lat' dir='ltr'><strong>augebatque</strong></span> <span class='ocrx_word' id='word_1_203' title='bbox 924 3145 985 3203; x_wconf 90' lang='lat' dir='ltr'><strong>iter</strong></span> <span class='ocrx_word' id='word_1_204' title='bbox 998 3150 1035 3203; x_wconf 93' lang='lat' dir='ltr'><strong>ut</strong></span> <span class='ocrx_word' id='word_1_205' title='bbox 1053 3144 1152 3204; x_wconf 90' lang='lat' dir='ltr'><strong>serius</strong></span> 
     </span>
     <span class='ocr_line' id='line_1_29' title="bbox 152 3250 981 3328; baseline 0 -18"><span class='ocrx_word' id='word_1_206' title='bbox 152 3250 371 3327; x_wconf 88' lang='lat' dir='ltr'><strong>subsequentis</strong></span> <span class='ocrx_word' id='word_1_207' title='bbox 388 3251 587 3328; x_wconf 87' lang='lat' dir='ltr'><strong>defetigaret.</strong></span> <span class='ocrx_word' id='word_1_208' title='bbox 976 3317 981 3327; x_wconf 36' lang='lat'><em>¹</em></span> 
     </span>
    </p>

    <p class='ocr_par' dir='ltr' id='par_1_11' title="bbox 191 3356 1212 3434">
     <span class='ocr_line' id='line_1_30' title="bbox 191 3356 1212 3434; baseline -0.001 -19"><span class='ocrx_word' id='word_1_209' title='bbox 191 3357 289 3416; x_wconf 87' lang='lat' dir='ltr'><strong>Fama</strong></span> <span class='ocrx_word' id='word_1_210' title='bbox 299 3376 374 3416; x_wconf 87' lang='lat' dir='ltr'><strong>vero</strong></span> <span class='ocrx_word' id='word_1_211' title='bbox 388 3357 551 3416; x_wconf 89' lang='lat' dir='ltr'><strong>hostilium</strong></span> <span class='ocrx_word' id='word_1_212' title='bbox 563 3357 723 3434; x_wconf 90' lang='lat' dir='ltr'><strong>copiarum</strong></span> <span class='ocrx_word' id='word_1_213' title='bbox 738 3357 922 3434; x_wconf 88' lang='lat' dir='ltr'><strong>perterritos</strong></span> <span class='ocrx_word' id='word_1_214' title='bbox 937 3375 1000 3415; x_wconf 92' lang='lat' dir='ltr'><strong>non</strong></span> <span class='ocrx_word' id='word_1_215' title='bbox 1010 3356 1153 3433; x_wconf 91' lang='lat' dir='ltr'><strong>negando</strong></span> <span class='ocrx_word' id='word_1_216' title='bbox 1176 3363 1212 3414; x_wconf 92' lang='grc'><strong>66</strong></span> 
     </span>
    </p>

    <p class='ocr_par' dir='ltr' id='par_1_12' title="bbox 112 3461 1153 3746">
     <span class='ocr_line' id='line_1_31' title="bbox 112 3461 1153 3540; baseline -0.001 -19"><span class='ocrx_word' id='word_1_217' title='bbox 112 3461 370 3537; x_wconf 78' lang='lat' dir='ltr'><strong>eominuendove,</strong></span> <span class='ocrx_word' id='word_1_218' title='bbox 399 3463 454 3521; x_wconf 92' lang='lat' dir='ltr'><strong>sed</strong></span> <span class='ocrx_word' id='word_1_219' title='bbox 482 3463 611 3540; x_wconf 90' lang='lat' dir='ltr'><strong>insuper</strong></span> <span class='ocrx_word' id='word_1_220' title='bbox 640 3462 861 3539; x_wconf 90' lang='lat' dir='ltr'><strong>amplificando</strong></span> <span class='ocrx_word' id='word_1_221' title='bbox 893 3461 1153 3539; x_wconf 89' lang='lat' dir='ltr'><strong>ementiendoque</strong></span> 
     </span>
     <span class='ocr_line' id='line_1_32' title="bbox 153 3565 1153 3644; baseline 0.001 -19"><span class='ocrx_word' id='word_1_222' title='bbox 153 3567 365 3627; x_wconf 88' lang='lat' dir='ltr'><strong>confirmabat.</strong></span> <span class='ocrx_word' id='word_1_223' title='bbox 408 3568 521 3643; x_wconf 91' lang='lat' dir='ltr'><strong>Itaque</strong></span> <span class='ocrx_word' id='word_1_224' title='bbox 555 3587 625 3626; x_wconf 91' lang='lat' dir='ltr'><strong>cum</strong></span> <span class='ocrx_word' id='word_1_225' title='bbox 660 3567 838 3644; x_wconf 87' lang='lat' dir='ltr'><strong>expectatio</strong></span> <span class='ocrx_word' id='word_1_226' title='bbox 870 3567 1024 3626; x_wconf 88' lang='lat' dir='ltr'><strong>adventus</strong></span> <span class='ocrx_word' id='word_1_227' title='bbox 1055 3565 1153 3626; x_wconf 84' lang='lat' dir='ltr'><strong>Iubae</strong></span> 
     </span>
     <span class='ocr_line' id='line_1_33' title="bbox 152 3670 1153 3746; baseline -0.001 -15"><span class='ocrx_word' id='word_1_228' title='bbox 152 3670 304 3732; x_wconf 90' lang='lat' dir='ltr'><strong>terribilis</strong></span> <span class='ocrx_word' id='word_1_229' title='bbox 344 3676 436 3746; x_wconf 89' lang='lat' dir='ltr'><strong>esset,</strong></span> <span class='ocrx_word' id='word_1_230' title='bbox 475 3672 652 3732; x_wconf 88' lang='lat' dir='ltr'><strong>convocatis</strong></span> <span class='ocrx_word' id='word_1_231' title='bbox 692 3671 732 3730; x_wconf 89' lang='lat' dir='ltr'><strong>ad</strong></span> <span class='ocrx_word' id='word_1_232' title='bbox 770 3671 948 3731; x_wconf 89' lang='lat' dir='ltr'><strong>contionem</strong></span> <span class='ocrx_word' id='word_1_233' title='bbox 987 3670 1153 3746; x_wconf 86' lang='lat' dir='ltr'><strong>militibus,</strong></span> 
     </span>
    </p>
   </div>
   <div class='ocr_carea' id='block_1_3' title="bbox 0 0 1344 4146">
    <p class='ocr_par' dir='ltr' id='par_1_13' title="bbox 0 0 1344 4146">
     <span class='ocr_line' id='line_1_34' title="bbox 0 0 1344 4146; baseline 0 2"><span class='ocrx_word' id='word_1_234' title='bbox 0 0 1344 4146; x_wconf 95' lang='lat' dir='ltr'><strong> </strong></span> 
     </span>
    </p>
   </div>
  </div>
 </body>
</html>
