2678 4140
297 304 298 309 ,
403 299 405 303 ,
440 253 550 303 mana
574 255 611 303 11.
647 253 760 314 uivus
784 253 975 305 aucusrus
1147 240 1209 304 107

192 429 276 487 llice
289 425 394 486 defuit
409 425 457 484 vir
476 425 652 503 praetorius
668 425 772 502 qui-se
787 425 920 501 effigiem
936 424 1066 485 cremati
1084 430 1211 485 euntem

212 533 243 591 in
256 532 377 592 caelum
398 530 516 590 vidisse
537 531 664 590 iuraret.
707 530 871 606 Reliquias
893 531 1037 606 legerrmt
1058 530 1211 607 primores

203 637 363 714 ‘equestris
385 636 504 694 ordinis
527 636 661 695 trmicati
682 641 715 695 et
735 635 881 695 discincti
902 635 1097 713 pedibusque
1117 635 1210 695 nudis

212 760 244 802 ac
257 742 420 801 Mausoleo
435 741 650 801 condiderunt.
687 740 726 800 Id
741 760 819 819 opus
834 741 917 800 inter
928 741 1117 801 Flaminiam
1127 741 1211 801 viam

212 848 373 926 ripamque
402 846 524 906 Tiberis
553 852 642 906 sexto
671 865 726 905 suo
755 846 919 906 consulatu
947 851 1130 905 extruxerat
1157 846 1235 905 cir-t

213 953 440 1029 cumiectasque
458 952 554 1019 silvas
570 958 602 1011 et
615 951 845 1011 ambulationes
860 951 894 1010 in
911 970 1004 1010 usum
1021 951 1132 1029 populi
1149 951 1212 1010 iam

212 1063 276 1118 tum
290 1056 475 1135 publicarat.
717 1114 720 1120 .

112 1160 204 1218 101
250 1164 488 1222 Testamentum
509 1163 544 1222 L.
561 1163 678 1223 Planco
699 1164 733 1222 C.
749 1163 826 1223 Silio
844 1182 926 1223 cons.
943 1164 1006 1223 ΙΙΙ.
1024 1164 1106 1223 Non.
1122 1161 1214 1240 Apri·

212 1267 264 1343 les,
285 1274 360 1327 ante
384 1287 502 1328 annum
529 1274 562 1327 et
589 1273 739 1345 quattuor
766 1286 888 1328 menses
917 1287 1011 1345 quam
1039 1268 1212 1342 decederet,

212 1373 330 1432 factum
343 1373 384 1433 ab
403 1392 438 1432 eo
454 1392 491 1432 ac
511 1373 633 1432 duobus
656 1373 814 1433 codicibus
835 1373 953 1450 partim
974 1372 1074 1449 ipsius
1096 1372 1213 1450 partim
1223 1382 1252 1427 10
1330 1402 1335 1411 ·

212 1477 394 1538 libertorum
415 1477 530 1556 Polybi
558 1484 590 1538 et
618 1478 793 1538 Hilarionis
823 1497 918 1537 manu
945 1477 1099 1556 scriptum
1123 1479 1215 1555 depo·

213 1584 368 1660 situmque
389 1584 474 1660 apud
496 1602 529 1642 se
544 1583 682 1659 virgines
698 1583 843 1644 Vestales
866 1603 936 1642 cum
957 1583 1058 1642 tribus
1081 1583 1213 1660 signatis

211 1708 307 1766 aeque
328 1687 541 1748 voluminibus
563 1689 771 1766 protulerimt.
813 1689 898 1759 Quae
920 1689 1024 1748 omnia
1048 1689 1082 1747 in
1104 1694 1214 1748 senatu
1270 1679 1300 1724 ’-

193 1799 320 1870 roperta
339 1799 436 1870 atque
457 1793 589 1852 recitata
611 1799 693 1853 sunt.
736 1793 878 1853 Heredes
907 1793 1050 1853 instituit
1078 1794 1213 1871 primos:

213 1898 371 1958 Tiberium
386 1917 424 1957 ex
439 1903 529 1975 parte
547 1899 679 1958 dimidia
697 1904 730 1958 ct
751 1904 904 1974 sextante,
920 1899 1044 1958 Liviam
1065 1918 1103 1958 ex
1125 1904 1214 1976 parte
1224 1911 1253 1956 15

213 2004 314 2079 tertia,
329 2023 408 2081 quos
423 2009 455 2063 et
469 2003 553 2063 ferre
567 2023 680 2063 nomen
699 2023 790 2063 suum
812 2004 923 2079 iussit;
945 2005 1114 2063 secundos:
1136 2005 1215 2063 Dru-

213 2127 281 2167 sum
302 2108 409 2167 Tiberi
430 2107 532 2167 filium
553 2128 592 2168 ex
614 2108 740 2184 triente,
762 2109 965 2187 expertibus
988 2109 1118 2187 reliquis
1141 2109 1216 2169 Ger-

214 2214 368 2274 manicum
383 2214 559 2292 liberosque
575 2214 641 2274 eius
664 2221 728 2274 tres
750 2234 842 2274 sexus
858 2215 978 2290 virilis;
1000 2216 1096 2275 tertio
1117 2215 1216 2291 gradu

214 2319 405 2398 propinquos
426 2320 606 2397 amicosque
634 2320 813 2397 compluris.
870 2320 1004 2397 Legavit
1031 2321 1148 2399 populo
1176 2322 1214 2380 R.

214 2425 479 2502 quadringenties,
511 2425 655 2484 tribubus
690 2425 795 2485 tricies
825 2425 992 2503 quinquies
1025 2426 1255 2501 sestertium,2c

214 2530 419 2607 praetorianis
441 2530 596 2589 militibus
618 2531 742 2606 singula
770 2531 859 2590 milia
882 2551 1091 2606 nummorum,
1113 2531 1217 2590 cohor-

215 2635 297 2694 tibus
324 2634 452 2695 urbanis
478 2635 660 2713 quingenos,
689 2635 856 2711 legionaris
885 2643 1026 2696 trecenos
1054 2656 1216 2711 numm0s;

214 2759 307 2816 quam
327 2759 480 2800 summam
500 2741 729 2818 repraesentari
750 2742 853 2816 iussit,
868 2761 942 2800 nam
963 2747 996 2801 et
1018 2741 1216 2802 confiscatam
1280 2750 1308 2803 [κ’

194 2857 337 2923 3semper
365 2846 597 2923 repositamque
624 2846 786 2906 habuerat.
843 2847 979 2924 Reliqua
1006 2848 1111 2923 legata
1131 2847 1216 2906 varie

214 2953 301 3012 dedit
322 2953 533 3030 perduxitque
558 2953 712 3029 quaedam
733 2954 773 3013 ad
794 2953 905 3014 vicena
926 2955 1082 3029 sestertia,
1102 2953 1216 3039 quibus
1226 2967 1256 3011 25

215 3058 372 3117 solvendis
400 3077 539 3118 annuum
567 3059 651 3118 diem
678 3058 772 3134 finiit,
797 3065 946 3119 excusata
974 3060 1020 3118 rei
1050 3058 1217 3119 familiaris

214 3163 429 3223 mediocritate
443 3183 500 3223 nec
514 3165 585 3241 plus
601 3170 826 3241 perventurum
840 3165 880 3224 ad
894 3165 1025 3225 heredes
1040 3183 1112 3224 suos
1124 3183 1217 3241 quarn

214 3269 316 3329 milies
331 3276 363 3330 et
377 3271 577 3347 quingenties
592 3272 764 3348 professus,
776 3271 920 3348 quamvis
936 3270 1051 3347 viginti
1065 3269 1217 3349 proximis

213 3375 303 3434 annis
323 3375 539 3452 quaterdecies
561 3376 663 3435 milies
684 3395 722 3435 ex
740 3376 938 3436 testamentis
960 3375 1131 3435 amicorum
1152 3394 1219 3453 per·

214 3481 357 3558 cepisset,
379 3481 463 3558 quod
484 3500 583 3557 paene
605 3501 695 3540 omne
724 3501 794 3540 cum
820 3480 940 3540 duobus
962 3480 1102 3558 paternis
1124 3480 1257 3558 patri-³0

214 3585 326 3644 moniis
348 3586 523 3662 ceterisque
544 3585 773 3645 hereditatibus
795 3586 828 3643 in
850 3605 915 3645 rem
935 3605 965 3662 p.
980 3585 1216 3662 absumpsisset.

214 3689 312 3749 Iulias
336 3689 437 3749 filiam
465 3696 664 3767 neptemque,
690 3690 717 3748 si
742 3690 819 3767 quid
847 3690 887 3748 iis
914 3690 1091 3764 accidisset,
1116 3690 1219 3750 vetuit

1284 3858 1323 3892 Δ
