2678 4140
362 248 472 299 mnan
496 249 533 299 11.
569 247 682 298 mvos
705 248 896 300 incussus
1076 237 1130 300 ’63

137 423 235 483 sanxit
259 441 333 498 ergo
357 427 395 482 ut
416 422 455 480 de
476 420 568 480 bellis
591 421 823 499 triumphisque
844 421 896 480 hic
917 418 1131 481 consuleretur

135 533 266 603 senatus,
282 527 460 604 provincias
476 546 547 585 cum
562 527 695 603 imperio
710 527 843 604 petituri
857 526 931 584 hinc
945 525 1132 586 deduceren-

134 639 191 709 tur,
206 632 324 710 quique
340 632 475 692 victores
496 632 652 691 redissent
669 632 730 691 huc
746 632 882 707 insignia
899 631 1131 710 triumphorum

92 733 318 798 3conferrent.
371 737 539 815 Templum
562 737 721 815 Apollinis
743 738 776 796 in
798 757 834 798 ea
854 745 944 815 parte
969 738 1133 799 Palatinae

132 844 240 903 domus
270 843 421 903 excitavit
446 863 541 920 quam
564 843 698 903 fulmine
723 843 818 903 ictam
840 843 1013 904 desiderari
1034 864 1053 904 a
1074 844 1156 904 deoc

132 949 312 1027 haruspices
334 949 595 1026 pronuntiarant;
615 948 740 1008 addidit
761 949 901 1026 porticus
930 969 1001 1009 cum
1025 950 1134 1009 biblio

133 1055 222 1115 theca
235 1055 352 1114 Latina
366 1055 556 1131 Graecaque,
572 1073 633 1131 quo
648 1054 716 1114 loco
730 1053 793 1113 iam
807 1055 911 1114 senior
929 1074 1021 1133 saepe
1037 1056 1134 1115 etiam

134 1167 275 1221 senatum
302 1160 414 1220 habuit
437 1160 642 1237 decuriasque
669 1160 809 1219 iudicum
838 1162 1027 1237 recognovit.
1078 1163 1135 1221 To

133 1267 220 1326 nanti
241 1265 312 1325 Iovi
333 1265 443 1325 aedem
460 1265 655 1325 consecravit
673 1265 823 1326 liberatus
842 1267 981 1344 periculo
999 1285 1069 1326 cum
1085 1287 1135 1327 ex-

133 1372 292 1449 peditione
313 1371 501 1431 Cantabrica
523 1390 579 1448 per
600 1377 788 1431 nocturnum
811 1373 871 1431 iter
896 1372 1039 1433 lecticam
1067 1373 1134 1432 eius
1145 1385 1173 1429 10

134 1478 239 1553 fulgur
267 1477 526 1555 praestrinxisset
555 1496 743 1555 servumque
770 1479 1004 1555 praelucentem
1033 1479 1136 1538 exani-

113 1588 257 1643 4masset.
300 1583 459 1652 Quaedam
473 1584 570 1643 etiam
584 1603 679 1661 opera
699 1583 757 1642 sub
775 1584 901 1643 nomine
915 1585 1028 1659 alieno,
1043 1603 1136 1661 nepo

135 1693 200 1747 tum
231 1687 353 1747 scilicet
380 1693 412 1747 et
439 1688 546 1746 uxoris
577 1689 764 1764 sororisque,
792 1688 879 1764 fecit,
907 1696 943 1747 ut
978 1688 1134 1766 porticum

135 1793 357 1869 basilicamque
372 1793 432 1852 Gai
454 1800 486 1852 ct
506 1794 594 1868 Luci,
610 1795 686 1853 item
707 1794 846 1870 porticus
869 1794 979 1854 Liviae
1001 1800 1033 1853 et
1048 1795 1136 1854 Octa-

135 1899 202 1958 viae
213 1899 436 1976 theatrumque
447 1893 600 1958 Marcelli.
631 1898 735 1958 Sedet
747 1905 865 1958 ceteros
880 1899 1039 1976 principes
1051 1900 1134 1959 viros
1146 1914 1174 1957 15
1230 1882 1233 1889 ⁴

136 2023 226 2081 saepe
247 2003 392 2063 hortatus
414 2008 513 2063 estut
534 2023 592 2080 pro
610 2002 762 2062 facultate
784 2004 918 2080 quisque
932 2004 1134 2064 monimentis

115 2109 183 2169 uvel
194 2108 286 2167 novis
296 2109 346 2167 vel
358 2109 485 2168 refectis
501 2115 532 2168 et
546 2108 680 2167 excultis
695 2109 804 2168 urbem
815 2110 1012 2170 adornarent.
1056 2110 1136 2168 Mul-

137 2218 229 2291 taque
238 2233 257 2273 a
266 2212 375 2272 multis
390 2218 465 2273 tunc
477 2219 620 2273 extructa
632 2220 715 2290 sunt,
726 2214 807 2273 sicut
821 2234 840 2274 a
851 2216 971 2275 Marcio
985 2216 1136 2294 Philippo

136 2318 226 2378 aedes
250 2319 398 2378 Herculis
420 2321 593 2393 Musarum,
609 2339 628 2378 a
646 2321 680 2378 L.
702 2320 869 2379 Cornificio
892 2323 984 2381 aedes
1007 2323 1136 2399 Dianae,

48 2425 51 2434 '
136 2424 175 2483 ab
192 2423 303 2484 Asinio
324 2424 466 2482 Pollione
487 2424 604 2483 atrium
625 2425 841 2499 Libertatis‚a
861 2428 1006 2487 Munatio
1020 2429 1177 2488 Plancoac

136 2529 226 2589 aedes
240 2529 405 2604 Satumi,a
419 2529 564 2588 Cornelio
579 2530 679 2588 Balbo
688 2530 857 2606 theatrum,
868 2552 887 2591 a
898 2532 1024 2592 Statilio
1035 2534 1138 2593 Tauro

136 2634 443 2712 amphitheatrum,¹a
457 2636 500 2694 M.
516 2653 590 2694 vero
606 2634 749 2713 Agrippa
764 2637 925 2714 complura
938 2643 970 2696 et
984 2639 1116 2714 egregia.

81 2743 114 2794 30
177 2740 321 2817 Spatium
334 2739 421 2799 urbis
439 2740 473 2798 in
490 2740 630 2815 regiones
645 2740 793 2817 vicosque
808 2741 919 2801 divisit
936 2743 1138 2820 instituitque

137 2850 173 2904 ut
186 2845 258 2905 illas
273 2845 370 2905 annui
384 2845 587 2921 magistratus
603 2846 716 2904 sortito
731 2851 903 2922 tuerentur,
918 2849 975 2907 hos
995 2850 1139 2925 magistri

138 2969 154 3009 e
175 2950 266 3028 plebe
288 2951 439 3027 cuiusque
460 2951 593 3010 viciniae
614 2950 697 3010 lecti.
740 2951 902 3011 Adversus
925 2953 1070 3014 incendia
1090 2969 1177 3014 ex-ac

138 3057 243 3116 cubias
254 3062 422 3116 nocturnas
433 3056 608 3132 vigilesque
617 3062 810 3116 commentus
823 3062 888 3132 est3
903 3058 942 3117 ad
955 3061 1139 3120 coercendas

138 3162 358 3222 inundationes
376 3162 501 3222 alveum
523 3161 645 3221 Tiberis
667 3162 788 3221 laxavit
806 3182 842 3221 ac
857 3165 1040 3240 repurgavit
1062 3185 1141 3226 com-

139 3268 260 3346 pletum
295 3268 370 3327 olim
405 3267 569 3326 ruderibus
605 3274 637 3327 et
670 3268 883 3327 aedificiorum
912 3253 1139 3347 prolationibus
1199 3267 1229 3309 *s

140 3378 322 3434 coartatum.
365 3372 431 3442 Quo
455 3378 562 3432 autem
584 3372 709 3432 facilius
734 3375 873 3451 undique
894 3375 969 3434 urbs
990 3377 1140 3453 adiretur,

139 3479 306 3556 desumpta
323 3477 384 3537 sibi
404 3478 561 3537 flaminia
575 3478 628 3537 via
644 3478 788 3538 Arimino
803 3485 893 3539 tenus
914 3481 1084 3542 munienda
1098 3495 1180 3543 re-ao

140 3583 242 3661 liquas
257 3582 501 3661 triumphalibus
517 3582 594 3642 viris
613 3599 650 3642 ex
667 3584 839 3644 manubiali
856 3587 988 3663 pecunia
1005 3593 1143 3649 sternen-
1216 3624 1237 3659 ,s

140 3688 196 3749 das
210 3688 382 3749 distribuit.
