2678 4140
160 214 201 278 38
243 225 273 276 o.
300 225 456 277 sunronr
478 226 706 289 'rasuounm
729 227 779 276 nu
803 227 893 278 vrrs
916 211 1120 281 causantur

158 397 284 458 nomine
295 421 302 473 ;
319 417 355 458 ac
366 398 469 458 nullos
481 417 543 457 non
554 399 687 459 honores
698 399 738 459 ad
749 399 913 459 libidinem
925 399 1010 478 cepit
1020 394 1161 460 e't'dedit.

158 503 302 563 Tertium
316 509 348 563 et
365 509 512 580 quartum
533 504 730 564 consulatum
749 505 844 564 titulo
861 510 953 564 tenus
971 505 1079 581 gessit,
1095 521 1185 564 con-2

157 614 265 668 tentus
289 608 466 669 dictaturae
494 614 651 687 potestate
676 609 820 669 decretae
848 628 919 669 oum
947 610 1162 670 consulatibus

158 714 262 789 simul,
281 719 376 791 atque
395 720 529 791 utroque
546 734 628 774 anno
645 715 734 774 binos
753 715 896 774 consules
914 715 1082 775 substituit
1101 715 1162 775 sibi

133 818 190 877 oin
205 825 311 879 ternos
326 820 513 880 novissimos
529 839 661 895 menses,
677 821 723 880 ita
735 825 773 880 ut
791 820 894 880 medio
914 826 1056 898 tempore
1070 821 1162 880 comi-

156 925 203 984 tia
216 925 304 985 nulla
318 925 464 985 habuerit
483 932 608 1004 praeter
626 925 823 985 tribunorum
837 930 870 985 et
888 926 1038 986 aedilium
1058 926 1160 1004 plebis

156 1031 395 1108 praefectosque
417 1050 474 1110 pro
502 1031 701 1109 praetoribus
729 1031 929 1091 constituerit
953 1031 1008 1108 qui
1028 1037 1160 1110 apsente

156 1153 189 1194 se
209 1154 258 1195 res
279 1136 414 1196 urbanas
433 1137 701 1197 administrarent.
743 1136 851 1196 Pridie
870 1142 977 1196 autem
995 1137 1159 1196 Kalendas

156 1241 319 1300 Ianuarias
340 1242 505 1318 repentina
526 1243 663 1301 consulis
688 1248 788 1302 morte
810 1247 985 1301 cessantem
1009 1241 1160 1301 honorem

118 1346 189 1409 10in
216 1365 331 1424 paucas
352 1347 444 1406 horas
466 1348 588 1424 petenti
616 1348 713 1407 dedit.
755 1348 874 1407 Eadem
899 1347 1027 1407 licentia
1052 1352 1191 1425 spretos¹

155 1451 259 1529 patrio
280 1471 365 1511 more
387 1452 590 1527 magistratus
616 1452 649 1510 in
671 1452 771 1531 pluris
792 1471 890 1512 annos
916 1452 1084 1527 ordinavit,
1109 1453 1159 1511 dc·

156 1575 223 1616 cem
241 1556 395 1634 praetoris
409 1557 486 1615 viris
504 1557 680 1616 consularia
694 1563 877 1617 ornamenta
892 1556 1013 1631 tribuit,
1028 1557 1158 1617 civitate

155 1662 286 1721 donatos
308 1667 340 1721 et
368 1662 521 1738 quosdam
553 1681 569 1721 6
599 1662 819 1721 semibarbaris
849 1662 1013 1722 Gallomm
1038 1662 1158 1740 recepit

155 1766 188 1824 111
209 1767 336 1826 curiam.
378 1767 546 1827 Praeterea
567 1773 710 1826 monetae
732 1767 929 1844 publicisque
950 1766 1157 1843 vectigalibus

116 1890 145 1935 15
154 1871 328 1948 peculiares
360 1891 466 1932 servos
498 1873 689 1950 praeposuit.
746 1872 857 1931 Trium
889 1873 1048 1948 legionum
1079 1891 1156 1949 quas

155 1976 371 2037 Alexandreae
402 1977 600 2054 relinquebat
631 1997 737 2037 curam
769 1983 801 2037 et
831 1977 999 2055 imperium
1029 1977 1157 2036 Rufioni

154 2081 260 2141 liberti
282 2083 331 2141 sni
351 2082 418 2141 filio
439 2082 562 2142 exoleto
587 2101 643 2142 suo
664 2082 875 2142 demandavit.

194 2187 262 2246 Nec
290 2188 419 2247 minoris
447 2188 641 2264 inpotentiae
665 2205 756 2247 voces
786 2188 948 2265 propalam
976 2187 1098 2262 edebat,
1120 2192 1157 2247 ut
1177 2195 1196 2245 7·

154 2293 245 2352 Titus
268 2293 403 2371 Ampius
425 2293 551 2352 scribit:
580 2293 687 2351 nihil
716 2312 806 2352 esse
835 2312 914 2352 rem
938 2292 1155 2370 publicam,

115 2398 475 2475 mappellationem
503 2399 613 2456 modo
638 2399 726 2457 sine
752 2417 920 2476 corpore
944 2417 987 2457 ac
1011 2397 1154 2474 specie.

155 2503 310 2562 Sullam
331 2504 514 2563 nescisse
536 2504 719 2578 litterae,
738 2504 808 2580 qni
829 2503 1078 2562 dictaturam
1097 2503 1156 2561 dc-

153 2609 344 2687 posuerit.
386 2609 536 2668 Debere
561 2609 739 2667 homines
762 2607 1058 2667 consideratius
1080 2607 1156 2666 iam

153 2713 262 2790 loqui
281 2733 409 2773 secum
428 2733 470 2774 ac
492 2734 560 2791 pro
581 2713 736 2789 legibus
755 2713 898 2773 habere
918 2731 1016 2789 quae
1035 2712 1153 2773 dicat.

152 2821 260 2896 quue
274 2821 471 2896 arrogantiae
491 2839 674 2897 progressus
690 2825 738 2878 est
756 2824 802 2894 ut,
817 2818 982 2895 haruspice
1002 2817 1109 2878 tristia
1123 2824 1155 2878 et

113 2941 144 2986 25
153 2924 220 2983 sinc
240 2926 331 2984 corde
346 2931 419 2984 exta
433 2926 591 3002 quondam
605 2925 780 2999 nuntiante,
795 2924 933 2982 futura
946 2923 1066 2982 diceret
1084 2923 1156 2982 lae-

152 3030 268 3105 tiora,
294 3050 375 3090 cum
400 3031 542 3105 vellet3
571 3050 640 3089 nec
662 3049 730 3107 pro
755 3033 912 3088 ostento
937 3027 1155 3087 ducendum

153 3135 186 3193 si
208 3136 349 3212 pecudi
371 3155 434 3195 cor
455 3136 665 3195 defuisset.

193 3242 310 3300 Verum
332 3242 532 3320 praecipuam
554 3247 586 3301 et
607 3241 800 3301 exitiabilem
822 3241 882 3300 sibi
906 3240 1059 3300 invidiam
1080 3240 1196 3300 11111671

154 3347 288 3406 maxime
311 3348 418 3406 movit.
460 3348 617 3407 Adeuntis
639 3366 672 3406 se
694 3366 764 3405 cum
785 3345 931 3423 plurimis
952 3345 1155 3405 honorificen-

115 3451 347 3529 30tissimisque
366 3453 499 3512 decretis
519 3453 681 3511 universos
701 3457 807 3529 patres
829 3451 1022 3528 conscriptos
1041 3451 1153 3511 sedens

153 3575 210 3632 pro
234 3558 310 3616 aede
335 3558 466 3617 Veneris
493 3557 670 3616 Genetricis
695 3557 827 3634 excepit.
879 3556 1014 3626 Quidam
1033 3562 1154 3634 putant

60 3644 62 3648 ὗ
153 3666 311 3721 retentum
338 3681 357 3721 a
384 3663 529 3722 Cornelio
558 3662 657 3721 Balbo
685 3681 756 3721 cum
784 3665 948 3722 conaretur
971 3671 1153 3738 assurgere;
