2678 4140
153 226 194 291 14
236 240 266 290 c.
291 239 448 291 sunrorn
471 239 697 301 raauoumm
721 240 770 288 or
795 239 885 289 vrrs
908 237 1110 289 cassanen

152 431 246 489 quam
265 417 301 471 ut
321 411 480 471 subveniri
500 417 607 489 posset
626 430 645 471 a
661 431 711 485 se;
740 411 790 470 his
808 411 901 489 plane
922 409 1028 488 palam
1045 409 1153 469 bello

152 516 272 576 civili
293 536 390 594 opus
412 535 500 576 esse
521 517 653 577 dicebat.
1174 576 1178 583 .

191 623 259 681 Nec
273 622 391 680 minore
407 622 511 681 studio
527 641 613 699 reges
628 629 722 699 atque
737 623 913 699 provincias
929 641 985 701 per
999 627 1157 682 terrarum
1176 628 1200 678 21

152 728 258 788 orbem
280 727 458 801 adliciebat,
480 728 551 786 aliis
575 728 770 805 captivorum
794 727 882 787 milia
903 729 984 787 dono
1009 727 1158 802 offerens,

128 834 222 894 saliis
238 833 318 893 citra
333 839 459 892 senatus
478 834 650 911 populique
667 833 892 903 auctoritatem¹
904 853 965 910 quo
982 833 1102 893 vellent
1122 838 1154 893 et

152 941 297 1019 quotiens
327 941 447 999 vellent
479 940 597 999 auxilia
625 940 823 1013 submittens,
853 958 1008 1017 superque
1040 939 1157 1000 Italiae

153 1047 389 1123 Galliarumque
404 1053 436 1106 et
457 1047 695 1124 Hispaniarum,
711 1047 805 1105 Asiae
820 1065 943 1122 quoque
958 1052 989 1104 et
1005 1045 1154 1104 Graeciae

152 1152 387 1229 potentissimas
402 1152 495 1211 urbes
510 1153 685 1230 praecipuis
695 1152 840 1229 operibus
856 1170 1027 1226 exornans;
1047 1151 1174 1223 donec‚‘r

63 1314 65 1321 ,
151 1258 295 1318 attonitis
329 1257 392 1317 iam
422 1258 566 1317 omnibus
595 1264 627 1316 et
655 1277 804 1334 quorsum
832 1258 888 1316 illa
915 1257 1081 1316 tenderent
1111 1274 1155 1315 re

113 1349 142 1419 ic
152 1362 346 1440 putantibus,
375 1365 500 1422 Marcus
530 1363 679 1422 Claudius
709 1363 877 1421 Marcellus
906 1361 1023 1436 consul,
1052 1362 1154 1421 edicto

153 1468 314 1545 praefatus
343 1469 382 1526 de
413 1487 535 1528 summa
564 1488 596 1527 se
625 1488 658 1527 re
686 1467 812 1545 publica
846 1473 998 1541 acturum,
1029 1467 1155 1527 rettulit

152 1573 192 1632 ad
217 1579 361 1633 senatum
385 1579 422 1632 ut
450 1575 479 1633 ei
508 1575 725 1633 succederetur
749 1579 822 1633 ante
847 1579 981 1650 tempus,
1006 1573 1154 1649 quoniam

151 1678 235 1738 bello
257 1680 401 1739 confecto
422 1699 484 1756 pax
506 1686 589 1738 esset
609 1698 645 1739 ac
665 1678 786 1739 dimitti
805 1678 933 1738 deberet
952 1678 1053 1737 victor
1073 1697 1155 1737 exer-

153 1784 255 1858 citus,
287 1790 319 1843 et
340 1803 380 1843 ne
402 1784 542 1843 absentis
568 1785 649 1843 ratio
675 1784 810 1843 comitiis
834 1782 1011 1857 haberetur,
1031 1782 1155 1859 quando

116 1905 209 1949 1unec
228 1890 313 1967 plebi
336 1890 414 1948 scito
436 1890 605 1966 Pompeius
627 1896 736 1967 postea
757 1890 945 1964 abrogasset.
988 1888 1177 1947 Acciderats

152 2000 257 2054 autem
280 2001 317 2053 ut
338 1995 364 2053 is
386 1995 486 2071 legem
509 1996 547 2053 de
569 1995 635 2053 iure
659 1995 899 2070 magistratuum
922 1994 1027 2053 ferens
1052 2013 1089 2053 eo
1112 2013 1156 2075 ca

153 2100 219 2188 pite
252 2120 314 2177 quo
343 2100 496 2177 petitione
528 2101 680 2158 honorum
711 2099 850 2159 absentis
880 2098 1085 2159 submovebat
1117 2118 1155 2157 ne

153 2205 317 2265 Caesarem
351 2205 479 2282 quidem
510 2206 668 2282 exciperet
699 2223 755 2282 per
786 2204 984 2278 oblivionem,
1013 2223 1049 2263 ac
1084 2224 1154 2263 mox

153 2311 221 2386 lege
235 2312 298 2376 iam
317 2312 349 2369 in
366 2330 419 2369 aes
437 2311 536 2369 incisa
554 2316 586 2369 et
609 2311 641 2367 in
661 2310 816 2369 aerarium
839 2310 964 2368 condita
987 2309 1155 2385 corrigeret

113 2433 296 2477 aoerrorem.
339 2417 406 2474 Nec
435 2421 599 2474 contentus
628 2416 796 2474 Marcellus
825 2415 1002 2492 provincias
1030 2413 1155 2474 Caesari

153 2526 186 2578 et
212 2520 414 2598 privilegium
442 2521 571 2598 eripere,
600 2521 725 2580 rettulit
753 2520 849 2578 etiarn
873 2527 910 2578 ut
934 2519 1051 2578 colonis
1078 2538 1154 2595 quos

153 2626 313 2700 rogatione
345 2626 474 2684 Vatinia
507 2628 632 2684 Novum
668 2627 798 2686 Comum
830 2625 1012 2685 deduxisset
1043 2625 1154 2684 civitas

152 2731 343 2789 adimeretur
364 2732 447 2807 quod
469 2751 524 2808 per
545 2731 748 2790 ambitionem
770 2737 802 2790 et
820 2731 905 2789 ultra
926 2729 1154 2808 praescriptum

152 2836 227 2895 data
247 2842 338 2895 esset.

114 2956 142 3000 25
193 2940 374 3000 Commotus
402 2943 452 3001 his
478 2945 591 3002 Caesar
612 2962 649 3001 ac
663 2943 813 3017 iudicans,
838 2943 920 3018 quod
942 2961 1034 3018 saepe
1057 2961 1096 3001 ex
1119 2960 1155 3000 eo
1177 2949 1200 2999 22

152 3046 295 3104 auditum
324 3047 440 3122 ferunt,
470 3048 707 3106 difficilius
738 3067 777 3106 sc
806 3048 1034 3125 principem
1063 3024 1156 3105 civi-

152 3152 255 3210 tatis
284 3172 303 3211 a
333 3153 462 3230 primo
493 3153 637 3211 ordine
667 3154 706 3210 in
736 3154 952 3212 secundum
975 3172 1089 3229 quam
1111 3172 1155 3210 ex

153 3258 328 3315 secundo
360 3258 400 3315 in
432 3259 702 3317 novissimum
734 3259 911 3333 detrudi,
944 3278 1066 3318 summa
1097 3277 1155 3335 ope

152 3363 280 3436 restitit,
307 3364 424 3441 partim
452 3385 508 3442 per
536 3365 756 3424 intercessores
782 3366 934 3438 tribunos,
960 3365 1077 3442 partim
1100 3383 1155 3442 per

113 3468 293 3527 aeServium
317 3470 491 3548 Sulpicium
515 3472 649 3530 alterum
669 3473 835 3531 consulein.
879 3471 1064 3548 Insequenti
1084 3490 1156 3547 quo

151 3592 307 3653 queanno
323 3575 403 3634 Gaio
424 3576 583 3649 Marcello,
599 3577 654 3652 qui
669 3577 761 3635 fratri
777 3577 913 3653 patrueli
929 3596 984 3636 suo
998 3579 1108 3636 Marco
1122 3576 1155 3634 in
1176 3592 1198 3650 ,r

151 3679 315 3741 consulatu
344 3687 543 3754 successerat,
568 3681 676 3740 eadem
705 3687 880 3758 temptante
910 3682 1060 3757 collegam
1088 3681 1154 3754 eius
