2678 4140
401 276 513 327 nisus
537 277 574 326 11.
610 276 722 327 nrvus
746 274 937 326 luousrus
1131 261 1171 327 67

111 433 153 488 ³5
213 450 395 509 Senatorum
415 449 595 509 affluentem
616 467 781 507 numerum
802 448 938 507 deformi
959 454 991 507 et
1012 437 1172 506 incondita

180 555 409 615 turba—erant
428 553 512 612 enim
533 573 626 630 super
645 553 745 628 mille,
756 559 788 612 et
809 553 938 630 quidam
959 550 1171 628 indignissimi

178 665 287 739 etpost
301 679 409 719 necem
425 659 567 720 Caesaris
582 658 787 737 pergratiam
802 665 834 718 et
853 659 1028 737 praemium
1044 649 1171 732 adlecti,

176 785 244 842 quos
267 766 397 826 Orcivos
418 766 531 841 vulgus
554 756 779 825 vocabat÷ad
801 765 928 824 modum
949 764 1120 842 pristinum
1140 769 1173 822 et

176 872 368 948 splendorem
391 871 513 947 redegit
533 871 654 930 duabus
676 871 880 930 lectionibus:
909 872 1011 948 prima
1032 871 1195 947 ipsorumo

173 976 333 1051 arbitratu,
348 997 410 1053 quo
424 977 474 1037 vir
489 977 592 1035 virum
606 976 693 1052 legit,
710 976 845 1036 secunda
867 995 922 1034 suo
941 982 974 1035 et
995 975 1171 1052 Agrippae3

173 1102 230 1159 quo
244 1087 386 1159 tempore
400 1082 600 1141 existimatur
616 1081 713 1140 lorica
732 1081 790 1140 sub
809 1087 896 1140 veste
917 1081 1057 1138 munitus
1078 1080 1173 1138 ferro

172 1207 228 1264 que
257 1187 378 1246 cinctus
406 1187 602 1264 praesedisse
630 1186 737 1245 decem
765 1186 990 1246 valentissimis
1023 1185 1170 1244 senatorii

153 1292 287 1351 tordinis
315 1292 424 1352 amicis
454 1293 563 1351 sellam
593 1311 682 1350 suam
714 1291 997 1350 circumstantibus.
1051 1290 1171 1350 Cordus

171 1397 347 1458 Cremutius
366 1397 475 1457 scribit
495 1416 534 1456 ne
554 1396 727 1456 admissum
747 1397 874 1473 quidem
894 1401 969 1455 tunc
983 1414 1171 1474 quemquam
1182 1408 1210 1453 10

171 1509 348 1563 senatorum
369 1502 431 1562 nisi
453 1502 554 1561 solum
579 1508 610 1562 et
635 1507 867 1580 praetemptato
892 1501 972 1560 sinu.
1014 1501 1171 1570 Quosdam

169 1609 207 1668 ad
222 1607 394 1668 excusandi
408 1627 441 1667 se
456 1608 676 1666 verecundiam
691 1607 844 1684 compulit
861 1605 1061 1684 servavitque
1075 1605 1172 1665 etiam

169 1708 389 1773 excusantibus
419 1713 542 1788 insigne
571 1713 669 1772 vestis
699 1718 731 1773 et
759 1712 923 1790 spectandi
951 1711 985 1770 in
1012 1711 1172 1771 orchestra

150 1818 380 1896 aepulandique
403 1818 527 1895 publice
553 1818 610 1877 ius.
654 1819 721 1888 Quo
747 1822 854 1877 autem
883 1817 958 1876 lecti
985 1817 1171 1894 probatique

169 1928 200 1984 et
220 1923 398 2000 religiosius
420 1929 452 1982 et
473 1923 592 1982 minore
612 1924 757 1982 molestia
776 1923 932 1983 senatoria
953 1940 1083 1981 munera
1102 1921 1172 1980 fun-
1181 1934 1208 1979 15

169 2033 324 2105 gerentur,
344 2029 449 2088 sanxit
470 2034 508 2088 ut
528 2029 616 2106 prius
636 2048 730 2105 quam
750 2028 926 2087 consideret
947 2028 1079 2104 quisque
1100 2020 1170 2086 ture

169 2154 204 2195 ac
222 2153 307 2194 mero
325 2134 517 2211 supplicaret
534 2135 618 2211 apud
635 2153 722 2193 aram
739 2133 806 2192 eius
824 2133 874 2192 dei
892 2133 925 2191 in
946 2133 1034 2193 cuius
1052 2133 1170 2210 templo

170 2239 312 2314 coiretur,
327 2244 360 2299 et
374 2258 413 2299 ne
428 2240 500 2316 plus
520 2259 614 2315 quam
629 2238 677 2297 bis
692 2238 725 2296 in
742 2257 848 2297 mense
865 2237 1025 2313 legitimus
1044 2242 1169 2297 senatus

168 2350 321 2420 ageretur,
336 2344 491 2404 Kalendis
513 2350 546 2403 et
567 2344 687 2418 ldibus,
702 2363 781 2402 neve
804 2343 982 2420 Septembri
1003 2343 1170 2403 Octobriue

169 2468 274 2510 mense
288 2450 369 2509 ullos
384 2450 493 2509 adesse
507 2448 585 2508 alios
600 2468 726 2508 necesse
741 2454 824 2509 esset
841 2468 935 2526 quam
951 2455 1035 2508 sorte
1049 2449 1169 2523 ductos,
1180 2465 1209 2510 20

169 2574 224 2633 per
248 2574 381 2632 quorum
405 2574 571 2614 numerum
595 2555 721 2614 decreta
742 2553 852 2613 confici
873 2560 1019 2631 possent3
1048 2553 1170 2630 sibique

169 2659 310 2720 instituit
325 2659 455 2720 consilia
469 2660 576 2719 sortiri
594 2659 789 2734 semenstris,
804 2678 874 2718 cum
893 2660 1006 2736 quibus
1026 2659 1064 2717 de
1081 2677 1171 2734 nego

169 2765 222 2826 tiis
247 2766 287 2825 ad
312 2765 511 2842 frequentem
539 2770 683 2824 senatum
707 2765 881 2824 referendis
908 2769 982 2824 ante
1009 2769 1168 2824 tractaret.

145 2870 348 2931 ssententias
363 2870 402 2930 de
417 2865 533 2930 maiore
548 2870 673 2946 negotio
692 2889 755 2928 non
770 2889 855 2929 more
875 2875 970 2946 atque
987 2869 1096 2928 ordine
1115 2869 1170 2928 sed

168 2972 429 3054 prout'libuisset
450 2975 646 3052 perrogabat,
667 2980 704 3033 ut
725 2975 855 3051 perinde
877 2975 1010 3051 quisque
1030 2964 1209 3034 animumne

168 3080 347 3141 intenderet
367 3099 404 3141 ac
425 3080 453 3140 si
467 3081 656 3139 censendum
685 3079 784 3155 magis
812 3098 906 3156 quam
930 3078 1171 3139 adsentiendum

163 3191 262 3247 esset.

112 3299 147 3350 36
209 3292 329 3352 Auctor
343 3297 375 3352 et
389 3291 522 3351 aliarum
537 3311 641 3351 rerum
657 3292 729 3366 fuit,
744 3292 777 3350 in
792 3292 880 3369 quis:
902 3311 941 3351 ne
959 3298 1029 3352 acta
1044 3296 1170 3351 senatus

169 3397 413 3474 publicarentur,
428 3416 467 3456 ne
485 3397 687 3472 magistratus
707 3398 851 3474 deposito
870 3397 986 3456 honore
1008 3396 1116 3456 statim
1138 3396 1171 3480 in

170 3502 346 3580 provincias
374 3502 585 3577 mitterentur,
610 3509 647 3562 ut
674 3503 911 3581 proconsulibus
941 3503 981 3562 ad
1010 3503 1110 3562 mulos
1139 3507 1210 3562 etto

170 3608 377 3683 tabernacula,
398 3626 477 3685 quae
498 3607 623 3685 publice
644 3608 740 3667 locari
762 3608 911 3683 solebant,
935 3613 1019 3668 certa
1039 3609 1172 3686 pecunia

172 3711 422 3787 constitueretur,
447 3717 483 3771 ut
512 3732 585 3772 cura
617 3713 717 3772 aerari
749 3732 768 3772 a
795 3713 1013 3790 quaestoribus
1043 3713 1170 3774 urbanis
