2678 4140
324 262 327 267 ·
364 247 537 299 11111111.
572 249 901 301 1110111101101
1093 239 1136 302 91

104 420 274 480 21111110
304 439 447 498 panem
476 427 516 480 et
544 421 746 498 palmulas
776 422 1041 498 gustavimus.
1091 424 1135 483 Et

124 523 262 586 iterum:
295 527 394 587 Dum
418 527 570 586 lectica
599 545 644 586 ex
669 527 784 603 regia
813 527 968 586 domum
997 528 1132 604 redeo,

120 632 248 708 panis
273 631 432 697 unciam
458 651 542 691 cum
567 632 708 710 paucis
734 632 866 692 acinis
893 651 994 693 uvae
1018 632 1134 693 dura-

119 737 244 798 cinae
264 737 428 796 comedi.
470 739 514 797 Et
528 756 653 797 rursus:
678 738 734 797 Ne
757 734 934 798 Iudaeus
956 738 1132 815 quidem,

117 843 180 902 1ni
199 843 457 925 Tiberi,tam
474 843 704 920 diligenter
726 842 912 905 sabbatis
934 843 1156 907 ieiuniumc

117 952 273 1008 servat
302 967 417 1025 quam
446 968 516 1024 ego
544 950 666 1009 hodie
696 949 880 1024 servavi,
906 950 975 1026 qui
1003 951 1043 1008 in
1069 950 1134 1011 ba-

117 1051 243 1114 lineo
285 1055 439 1114 demum
478 1062 573 1132 post
613 1057 749 1116 horam
787 1055 957 1133 primam
996 1056 1132 1116 noctis
1247 1042 1250 1049 ¹

117 1160 227 1220 duas
260 1159 407 1219 buccas
440 1162 682 1221 manducavi
710 1162 825 1240 prius
861 1180 975 1238 quam
1008 1161 1133 1238 ungui
1191 1148 1221 1209 s

119 1264 371 1343 inciperem.
414 1267 463 1324 Ex
487 1266 545 1326 hac
570 1267 803 1327 inobservantia
827 1286 1061 1344 nonnumquam
1081 1266 1132 1326 vel

122 1377 202 1430 ante
224 1371 341 1431 initum
361 1372 412 1431 vel
433 1378 506 1449 post
527 1373 693 1431 dimissum
714 1373 892 1432 convivium
914 1372 998 1432 solus
1021 1371 1170 1433 canite-10

123 1475 192 1553 bat,
215 1495 287 1536 cum
308 1476 402 1554 pleno
423 1463 668 1536 convivio'nihil
691 1483 841 1554 tangeret.

32 1566 83 1625 7⁷
169 1581 246 1642 Vini
269 1600 393 1659 quoque
415 1571 529 1641 natura
551 1583 754 1660 parcissimus
779 1589 854 1644 erat.
900 1585 974 1643 Non
995 1584 1137 1661 amplius

129 1692 179 1746 ter
202 1685 310 1746 bibere
335 1705 407 1746 eum
431 1688 560 1746 solitum
589 1707 683 1766 super
711 1708 819 1749 cenam
847 1690 881 1747 in
909 1689 1020 1749 castris
1048 1689 1133 1767 apud

130 1792 288 1852 Mutinam
308 1791 471 1852 Cornelius
493 1793 601 1870 Nepos
624 1793 730 1853 tradit.
772 1795 888 1854 Postea
909 1795 1054 1871 quotiens
1075 1795 1133 1854 lar-

132 1897 258 1974 gissime
273 1915 306 1957 se
324 1897 484 1972 invitaret,
500 1917 591 1957 senos
613 1904 773 1958 sextantes
791 1919 854 1958 non
870 1899 1005 1958 excessit
1019 1905 1083 1974 aut,
1105 1899 1172 1958 silc

133 2003 325 2076 excessisset,
340 1982 497 2062 reiciebat.
540 2004 583 2062 Et
598 2004 733 2063 maxime
747 2004 921 2064 delectatus
939 2010 988 2064 est
1003 2004 1132 2064 Raetico

132 2127 231 2186 neque
249 2113 368 2168 temere
382 2107 522 2167 interdiu
539 2108 629 2167 bibit.
672 2109 734 2167 Pro
755 2109 882 2186 potione
904 2109 1046 2169 sumebat
1066 2129 1134 2187 per·

133 2213 237 2273 fusum
260 2232 343 2290 aqua
367 2213 484 2288 frigida
508 2232 622 2290 panem
646 2219 702 2273 aut
727 2214 898 2273 cucumeris
921 2215 1060 2274 frustum
1081 2215 1132 2274 vel
1210 2187 1249 2251 V

133 2318 304 2379 lactuculae
329 2317 476 2395 thyrsum
503 2323 559 2377 aut
583 2337 690 2378 recens
719 2319 882 2379 aridumve
911 2339 1039 2398 pomum
1067 2319 1132 2379 suci
1209 2348 1218 2385 1

132 2423 305 2484 vinosioris.
1143 2439 1173 2486 1ο

86 2524 114 2581 78
168 2530 248 2589 Post
273 2528 376 2588 cibum
399 2529 617 2605 meridianum,
639 2530 686 2590 ita
705 2537 742 2590 ut
764 2531 899 2591 vestitus
922 2531 1133 2608 calciatusque

133 2640 206 2711 erat,
230 2634 358 2694 retectis
384 2633 517 2711 pedibus
540 2635 702 2712 paulisper
724 2636 965 2713 conquiescebat
988 2636 1134 2714 opposita

131 2740 169 2799 ad
183 2740 289 2800 oculos
304 2758 407 2799 manu
450 2738 478 2796 A
496 2758 571 2799 cena
585 2740 619 2798 in
640 2740 818 2801 lecticulam
838 2761 870 2800 se
889 2740 1133 2801 lucubratoriam

131 2844 318 2922 recipiebat,
340 2843 394 2918 ibi,
410 2844 508 2904 donec
524 2845 649 2904 residua
663 2845 769 2904 diurni
782 2852 870 2906 actus
885 2853 942 2906 aut
960 2847 1064 2906 omnia
1077 2851 1134 2906 aut

131 2969 168 3010 ex
188 2949 327 3010 maxima
346 2954 437 3026 parte
459 2949 634 3024 conficeret,
656 2951 696 3010 ad
718 2952 850 3012 multam
871 2958 995 3012 noctem
1015 2970 1171 3029 pennam

129 3054 231 3115 nebat.
275 3055 315 3114 In
336 3053 454 3114 lectum
479 3054 553 3114 inde
577 3059 792 3132 transgressus
816 3077 879 3117 non
902 3057 1039 3135 amplius
1063 3076 1133 3116 cum

129 3160 301 3238 plurimum
316 3179 411 3236 quam
426 3165 548 3237 septem
568 3161 660 3220 horas
675 3161 860 3237 dormiebat,
879 3182 916 3223 ac
936 3182 975 3223 ne
997 3182 1048 3222 eas
1068 3162 1135 3240 qui-

128 3265 200 3326 dem
226 3265 399 3340 continuas,
427 3265 482 3324 sed
505 3270 543 3325 ut
567 3266 601 3325 in
626 3266 682 3326 illo
707 3267 857 3344 temporis
883 3268 986 3345 spatio
1008 3273 1057 3328 ter
1077 3273 1134 3328 aut

106 3376 241 3448 aquator
255 3350 533 3448 experqisceretur.
577 3372 611 3433 Si
625 3372 839 3450 interruptum
858 3392 999 3432 somnum
1020 3373 1136 3451 recipe-

129 3496 207 3552 rare,
225 3483 262 3538 ut
283 3476 398 3551 evenit,
418 3495 481 3535 non
502 3483 619 3554 posset,
637 3478 806 3537 lectoribus
828 3484 884 3538 aut
904 3479 1133 3539 fabulatoribus
1143 3494 1178 3539 so

128 3581 287 3643 arcessitis
307 3581 486 3641 resumebat
505 3583 759 3660 producebatque
780 3583 866 3642 ultra
886 3584 1021 3660 primam
1042 3603 1139 3661 saepe¹

128 3687 240 3755 lucem.
281 3686 350 3746 Nec
364 3685 398 3744 in
413 3685 552 3746 tenebris
567 3687 714 3763 vigilavit
728 3706 878 3764 umquam
892 3688 955 3747 nisi
975 3690 1137 3749 assidente
