2678 4140
394 251 507 302 niens
531 252 567 303 11.
603 252 717 304 nivus
740 252 931 305 soousrus
1124 244 1166 307 99

167 422 315 500 postridie
341 423 500 484 nundinas
528 443 686 501 quoquam
710 425 960 503 proficisceretur
983 432 1039 487 aut
1062 427 1164 488 Nonis

166 528 329 606 quicquam
344 529 389 588 rei
404 529 502 589 seriae
517 529 696 605 incoharet3
720 530 800 590 nihil
815 530 848 589 in
862 531 921 591 hoc
935 531 1063 608 quidem
1077 533 1164 592 aliud

164 633 314 709 devitans,
326 640 362 693 ut
372 634 413 693 ad
428 634 589 694 Tiberium
604 635 722 711 scribit,
734 655 828 712 quam
843 637 1005 716 δυσφημίαν
1017 637 1162 697 nominis.

119 739 148 790 93
199 740 440 816 Peregrinarum
459 741 718 801 caerimoniarum
737 742 819 801 sicut
833 748 955 802 veteres
969 762 1005 802 ac
1019 761 1164 821 praecep

163 849 208 904 tas
229 846 483 906 reverentissime
505 846 611 921 coluit,
626 846 672 907 ita
686 852 805 907 ceteras
827 847 1022 926 contemptui
1042 847 1186 908 habuits

162 949 304 1028 Namque
319 951 454 1011 Athenis
476 951 630 1024 initiatus,
647 971 717 1012 cum
731 959 841 1030 postea
856 954 975 1013 Romae
996 973 1053 1031 pr0
1067 953 1164 1014 tribu·

161 1055 223 1115 nali
236 1056 276 1116 de
291 1056 459 1134 privilegio
472 1057 671 1116 sacerdotum
685 1057 811 1117 Atticae
826 1057 948 1118 Cereris
963 1064 1163 1134 cognosceret

161 1166 191 1220 et
203 1163 359 1238 quaedam
379 1162 546 1222 secretiora
567 1167 825 1240 proponerentur,
840 1163 971 1222 dimisso
985 1163 1116 1223 consilio
1129 1169 1163 1224 et

161 1284 271 1327 corona
299 1267 570 1327 circumstantium
598 1267 683 1326 solus
710 1267 812 1327 audiit
839 1267 1061 1346 disceptantes.
1117 1268 1162 1328 At

161 1377 267 1432 contra
280 1391 344 1431 non
358 1372 450 1431 modo
464 1371 497 1431 in
511 1373 706 1450 peragranda
720 1372 867 1450 Aegypto
886 1373 980 1450 paulo
996 1373 1161 1433 deflectere
1171 1388 1200 1434 10
1265 1396 1269 1401 ·

159 1477 197 1536 ad
220 1477 388 1537 visendum
411 1477 500 1555 Apin
524 1478 710 1555 supersedit,
733 1478 787 1537 sed
808 1483 842 1536 et
866 1478 981 1538 Gaium
1004 1485 1161 1556 nepotem,

159 1583 241 1660 quod
256 1583 406 1642 Iudaeam
423 1583 665 1661 praetervehens
679 1583 764 1660 apud
779 1583 1002 1662 Hierosolyma
1014 1602 1078 1643 non
1092 1602 1162 1661 sup

159 1688 316 1765 plicasset,
331 1688 539 1748 conlaudavit.

111 1793 140 1846 94
195 1795 240 1854 Et
254 1793 401 1870 quoniam
415 1794 456 1853 ad
477 1793 553 1854 haec
570 1800 700 1854 ventum
722 1799 779 1869 est,
794 1814 857 1854 non
871 1793 911 1854 ab
925 1813 959 1854 re
973 1794 1072 1854 fuerit
1093 1794 1162 1854 sub

158 1903 264 1959 texere
279 1918 358 1976 quae
377 1898 406 1958 ei
424 1898 512 1977 prius
534 1918 629 1975 quam
649 1904 830 1959 nasceretur
847 1904 879 1959 et
899 1899 969 1977 ipso
989 1899 1089 1959 natali
1109 1899 1160 1959 die
1170 1915 1198 1961 15

158 2023 193 2064 ac
213 2003 361 2082 deinceps
383 2004 546 2063 evenerint
568 2004 681 2080 quibus
704 2004 812 2064 futura
834 2003 1018 2081 magnitudo
1039 2004 1105 2064 eius
1128 2009 1161 2064 et

159 2114 310 2187 perpetua
323 2109 460 2169 felicitas
475 2109 595 2186 sperari
608 2109 879 2185 animadvertique
893 2115 1009 2186 posset.

138 2225 152 2269 a
196 2214 329 2276 Velitris
343 2214 519 2291 antiquitus
534 2220 619 2275 tacta
629 2215 669 2273 de
681 2214 765 2274 caelo
776 2220 866 2291 parte
878 2214 960 2273 muri
974 2233 1160 2292 responsum

159 2326 206 2381 est
220 2320 286 2379 eius
308 2319 417 2397 oppidi
439 2319 539 2379 civem
554 2320 740 2396 quandoque
762 2338 865 2378 rerum
884 2319 1077 2396 potiturum
1098 2338 1161 2396 qua

157 2425 272 2485 fiducia
284 2424 440 2486 Veliterni
461 2430 493 2484 et
514 2429 590 2484 tunc
612 2424 720 2484 statim
735 2429 767 2483 et
784 2429 894 2502 postea
915 2424 1040 2502 saepius
1061 2436 1198 2502 paeneao

157 2530 197 2590 ad
211 2530 344 2590 exitium
358 2530 408 2589 sui
426 2549 496 2589 cum
517 2529 634 2606 populo
649 2531 687 2588 R.
703 2528 983 2605 belligeraverant;
1005 2548 1074 2589 sero
1095 2535 1161 2590 tan-

158 2634 229 2694 dem
242 2635 437 2695 documentis
459 2635 607 2713 apparuit
628 2639 787 2694 ostentum
808 2634 888 2694 illud
903 2634 1040 2711 Augusti
1054 2640 1160 2712 poten-

141 2742 142 2747 ’
158 2739 235 2800 tiam
249 2740 454 2817 portendisse.

136 2858 151 2904 1
198 2845 317 2905 Auctor
338 2851 386 2905 est
408 2847 510 2906 Iulius
531 2846 697 2907 Marathus
716 2852 789 2906 ante
811 2864 926 2923 paucos
946 2864 1040 2923 quarn
1056 2864 1161 2906 nasce-

158 2956 243 3024 retur
264 2970 386 3011 menses
407 2952 587 3030 prodigium
608 2953 726 3011 Romae
743 2951 864 3011 factum
884 2950 1019 3029 publice,
1034 2970 1096 3028 quo
1110 2952 1197 3014 deas

157 3056 361 3117 nuntiabatur
381 3076 486 3133 regem
507 3057 625 3135 populo
649 3058 791 3116 Romano
814 3061 960 3116 naturam
984 3056 1158 3133 parturire,

158 3167 301 3222 senatum
322 3163 507 3222 exterritum
529 3162 686 3222 censuisse
707 3180 746 3220 ne
763 3161 834 3238 quis
856 3161 911 3220 illo
931 3180 1013 3220 anno
1034 3161 1158 3237 genitus

158 3267 359 3342 educaretur3
381 3287 432 3328 eos
454 3269 509 3345 qui
530 3267 676 3344 gravidas
697 3285 810 3326 uxores
831 3266 991 3341 haberent,
1013 3268 1097 3344 quod
1118 3268 1159 3328 ad

158 3390 191 3432 se
205 3373 338 3450 quisque
360 3393 448 3452 spem
469 3374 617 3447 traheret,
633 3391 757 3433 curasse
775 3391 815 3432 ne
832 3377 959 3432 senatus
981 3372 1158 3433 consultum

157 3477 198 3537 ad
210 3478 365 3538 aerarium
380 3479 563 3539 deferretur.
1167 3493 1197 3540 1ο

69 3596 70 3600 ’
134 3595 150 3640 4
198 3583 238 3642 In
253 3583 450 3662 Asclepiadis
469 3584 627 3644 Mendetis
643 3584 971 3659 Theologumenon
984 3583 1074 3644 libris
1089 3586 1158 3661 lego

158 3687 275 3764 Atiam,
295 3707 365 3749 curn
386 3689 427 3749 ad
448 3689 598 3749 sollemne
619 3688 777 3766 Apollinis
800 3707 922 3748 sacrum
944 3688 1047 3750 media
1067 3697 1159 3751 nocte
