<?xml version="1.0" encoding="UTF-8"?>
<!DOCTYPE html PUBLIC "-//W3C//DTD XHTML 1.0 Transitional//EN"
    "http://www.w3.org/TR/xhtml1/DTD/xhtml1-transitional.dtd">
<html xmlns="http://www.w3.org/1999/xhtml" xml:lang="en" lang="en">
 <head>
  <title>
</title>
<meta http-equiv="Content-Type" content="text/html;charset=utf-8" />
  <meta name='ocr-system' content='tesseract 3.04.00' />
  <meta name='ocr-capabilities' content='ocr_page ocr_carea ocr_par ocr_line ocrx_word'/>
</head>
<body>
  <div class='ocr_page' id='page_1' title='image "./gaisuetonitranq01suetgoog_0155.png"; bbox 0 0 2678 4140; ppageno 0'>
   <div class='ocr_carea' id='block_1_1' title="bbox 144 238 1101 311">
    <p class='ocr_par' dir='ltr' id='par_1_1' title="bbox 144 238 1101 311">
     <span class='ocr_line' id='line_1_1' title="bbox 144 238 1101 311; baseline -0.003 -9"><span class='ocrx_word' id='word_1_1' title='bbox 144 239 185 302; x_wconf 82' lang='grc'><strong>86</strong></span> <span class='ocrx_word' id='word_1_2' title='bbox 227 250 258 301; x_wconf 90' lang='lat' dir='ltr'><strong>C.</strong></span> <span class='ocrx_word' id='word_1_3' title='bbox 283 239 439 302; x_wconf 80' lang='lat' dir='ltr'><strong>SUETONI</strong></span> <span class='ocrx_word' id='word_1_4' title='bbox 461 249 687 311; x_wconf 80' lang='lat' dir='ltr'><strong>TRANQUILLI</strong></span> <span class='ocrx_word' id='word_1_5' title='bbox 711 249 760 297; x_wconf 80' lang='lat' dir='ltr'><strong>DE</strong></span> <span class='ocrx_word' id='word_1_6' title='bbox 784 238 875 298; x_wconf 79' lang='lat' dir='ltr'><strong>VITA</strong></span> <span class='ocrx_word' id='word_1_7' title='bbox 898 247 1101 300; x_wconf 78' lang='lat' dir='ltr'>CAESARUM</span> 
     </span>
    </p>
   </div>
   <div class='ocr_carea' id='block_1_2' title="bbox 75 409 1147 1114">
    <p class='ocr_par' dir='ltr' id='par_1_2' title="bbox 75 409 1147 1114">
     <span class='ocr_line' id='line_1_2' title="bbox 144 409 1147 498; baseline -0.002 -16"><span class='ocrx_word' id='word_1_8' title='bbox 144 423 346 483; x_wconf 70' lang='lat' dir='ltr'><strong>Aulo&#39;etiam</strong></span> <span class='ocrx_word' id='word_1_9' title='bbox 371 409 479 482; x_wconf 86' lang='lat' dir='ltr'><strong>Hirtio</strong></span> <span class='ocrx_word' id='word_1_10' title='bbox 501 422 535 480; x_wconf 90' lang='grc'><strong>11</strong></span> <span class='ocrx_word' id='word_1_11' title='bbox 559 409 717 498; x_wconf 87' lang='lat' dir='ltr'><strong>Hispania</strong></span> <span class='ocrx_word' id='word_1_12' title='bbox 738 421 886 480; x_wconf 88' lang='lat' dir='ltr'><strong>trecentis</strong></span> <span class='ocrx_word' id='word_1_13' title='bbox 909 420 1036 480; x_wconf 87' lang='lat' dir='ltr'><strong>milibus</strong></span> <span class='ocrx_word' id='word_1_14' title='bbox 1058 440 1147 480; x_wconf 91' lang='lat' dir='ltr'><strong>num·</strong></span> 
     </span>
     <span class='ocr_line' id='line_1_3' title="bbox 75 524 1146 613; baseline -0.001 -27"><span class='ocrx_word' id='word_1_15' title='bbox 75 594 86 613; x_wconf 57' lang='lat'>„</span> <span class='ocrx_word' id='word_1_16' title='bbox 144 547 230 586; x_wconf 92' lang='lat' dir='ltr'><strong>mum</strong></span> <span class='ocrx_word' id='word_1_17' title='bbox 258 526 466 586; x_wconf 89' lang='lat' dir='ltr'><strong>substraverit</strong></span> <span class='ocrx_word' id='word_1_18' title='bbox 495 526 669 603; x_wconf 88' lang='lat' dir='ltr'><strong>solitusque</strong></span> <span class='ocrx_word' id='word_1_19' title='bbox 698 526 740 585; x_wconf 92' lang='lat' dir='ltr'><strong>sit</strong></span> <span class='ocrx_word' id='word_1_20' title='bbox 771 544 861 585; x_wconf 89' lang='lat' dir='ltr'><strong>crura</strong></span> <span class='ocrx_word' id='word_1_21' title='bbox 888 524 1037 585; x_wconf 82' lang='lat' dir='ltr'><strong>suburere</strong></span> <span class='ocrx_word' id='word_1_22' title='bbox 1064 544 1146 585; x_wconf 89' lang='lat' dir='ltr'><strong>nuce</strong></span> 
     </span>
     <span class='ocr_line' id='line_1_4' title="bbox 83 621 1145 709; baseline -0.002 -16"><span class='ocrx_word' id='word_1_23' title='bbox 83 624 95 635; x_wconf 73' lang='grc'><strong>”</strong></span> <span class='ocrx_word' id='word_1_24' title='bbox 143 624 268 693; x_wconf 84' lang='lat' dir='ltr'><strong>ardenti</strong></span> <span class='ocrx_word' id='word_1_25' title='bbox 294 621 356 709; x_wconf 87' lang='lat' dir='ltr'><strong>quo</strong></span> <span class='ocrx_word' id='word_1_26' title='bbox 385 632 508 691; x_wconf 94' lang='lat' dir='ltr'><strong>mollior</strong></span> <span class='ocrx_word' id='word_1_27' title='bbox 535 631 619 708; x_wconf 91' lang='lat' dir='ltr'><strong>pilus</strong></span> <span class='ocrx_word' id='word_1_28' title='bbox 649 637 798 707; x_wconf 80' lang='lat' dir='ltr'><strong>surgeret.</strong></span> <span class='ocrx_word' id='word_1_29' title='bbox 849 631 910 690; x_wconf 87' lang='lat' dir='ltr'><strong>Sed</strong></span> <span class='ocrx_word' id='word_1_30' title='bbox 942 636 975 690; x_wconf 90' lang='lat' dir='ltr'><strong>et</strong></span> <span class='ocrx_word' id='word_1_31' title='bbox 1007 631 1145 708; x_wconf 91' lang='lat' dir='ltr'><strong>populns</strong></span> 
     </span>
     <span class='ocr_line' id='line_1_5' title="bbox 144 735 1147 814; baseline -0.002 -17"><span class='ocrx_word' id='word_1_32' title='bbox 144 737 302 814; x_wconf 91' lang='lat' dir='ltr'><strong>quondam</strong></span> <span class='ocrx_word' id='word_1_33' title='bbox 330 737 493 796; x_wconf 85' lang='lat' dir='ltr'><strong>universus</strong></span> <span class='ocrx_word' id='word_1_34' title='bbox 522 737 667 795; x_wconf 91' lang='lat' dir='ltr'><strong>ludorum</strong></span> <span class='ocrx_word' id='word_1_35' title='bbox 696 737 747 795; x_wconf 91' lang='lat' dir='ltr'><strong>die</strong></span> <span class='ocrx_word' id='word_1_36' title='bbox 774 742 807 795; x_wconf 87' lang='lat' dir='ltr'><strong>et</strong></span> <span class='ocrx_word' id='word_1_37' title='bbox 834 735 957 812; x_wconf 88' lang='lat' dir='ltr'><strong>accepit</strong></span> <span class='ocrx_word' id='word_1_38' title='bbox 980 735 1014 794; x_wconf 91' lang='grc'><strong>11</strong></span> <span class='ocrx_word' id='word_1_39' title='bbox 1039 742 1147 795; x_wconf 92' lang='lat' dir='ltr'><strong>contu-</strong></span> 
     </span>
     <span class='ocr_line' id='line_1_6' title="bbox 119 829 1146 918; baseline -0.002 -16"><span class='ocrx_word' id='word_1_40' title='bbox 119 843 270 903; x_wconf 74' lang='lat' dir='ltr'><strong>tmeliam</strong></span> <span class='ocrx_word' id='word_1_41' title='bbox 288 843 355 901; x_wconf 87' lang='lat' dir='ltr'><strong>eius</strong></span> <span class='ocrx_word' id='word_1_42' title='bbox 374 848 405 902; x_wconf 90' lang='grc'><strong>11</strong></span> <span class='ocrx_word' id='word_1_43' title='bbox 424 843 559 901; x_wconf 89' lang='lat' dir='ltr'><strong>adsensu</strong></span> <span class='ocrx_word' id='word_1_44' title='bbox 581 843 717 901; x_wconf 84' lang='lat' dir='ltr'><strong>maximo</strong></span> <span class='ocrx_word' id='word_1_45' title='bbox 739 841 943 918; x_wconf 85' lang='lat' dir='ltr'><strong>conprobavit</strong></span> <span class='ocrx_word' id='word_1_46' title='bbox 963 829 1090 900; x_wconf 85' lang='lat' dir='ltr'><strong>versum</strong></span> <span class='ocrx_word' id='word_1_47' title='bbox 1111 842 1146 900; x_wconf 91' lang='lat' dir='ltr'><strong>in</strong></span> 
     </span>
     <span class='ocr_line' id='line_1_7' title="bbox 143 946 1147 1025; baseline -0.002 -17"><span class='ocrx_word' id='word_1_48' title='bbox 143 967 253 1008; x_wconf 90' lang='lat' dir='ltr'><strong>scaena</strong></span> <span class='ocrx_word' id='word_1_49' title='bbox 285 947 523 1025; x_wconf 91' lang='lat' dir='ltr'><strong>pronuntiatum</strong></span> <span class='ocrx_word' id='word_1_50' title='bbox 547 947 586 1004; x_wconf 90' lang='grc'><strong>(11</strong></span> <span class='ocrx_word' id='word_1_51' title='bbox 614 946 697 1021; x_wconf 86' lang='lat' dir='ltr'><strong>gallo</strong></span> <span class='ocrx_word' id='word_1_52' title='bbox 727 946 840 1005; x_wconf 89' lang='lat' dir='ltr'><strong>Matris</strong></span> <span class='ocrx_word' id='word_1_53' title='bbox 865 946 958 1004; x_wconf 89' lang='lat' dir='ltr'><strong>deum</strong></span> <span class='ocrx_word' id='word_1_54' title='bbox 988 946 1147 1025; x_wconf 88' lang='lat' dir='ltr'><strong>tympani-</strong></span> 
     </span>
     <span class='ocr_line' id='line_1_8' title="bbox 142 1059 248 1114; baseline -0.009 -2"><span class='ocrx_word' id='word_1_55' title='bbox 142 1059 248 1114; x_wconf 83' lang='lat' dir='ltr'><strong>zante:</strong></span> 
     </span>
    </p>
   </div>
   <div class='ocr_carea' id='block_1_3' title="bbox 52 1177 1144 1276">
    <p class='ocr_par' dir='ltr' id='par_1_3' title="bbox 52 1177 1144 1276">
     <span class='ocr_line' id='line_1_9' title="bbox 52 1177 1144 1276; baseline -0.004 -14"><span class='ocrx_word' id='word_1_56' title='bbox 52 1177 53 1181; x_wconf 14' lang='lat'>¹</span> <span class='ocrx_word' id='word_1_57' title='bbox 142 1198 1144 1276; x_wconf 85' lang='lat' dir='ltr'><strong>Videsneutcinaedusorbemdigitotemperat?</strong></span> 
     </span>
    </p>
   </div>
   <div class='ocr_carea' id='block_1_4' title="bbox 104 1360 1205 3770">
    <p class='ocr_par' dir='ltr' id='par_1_4' title="bbox 104 1360 1205 3770">
     <span class='ocr_line' id='line_1_10' title="bbox 183 1360 1205 1454; baseline 0.001 -19"><span class='ocrx_word' id='word_1_58' title='bbox 183 1377 349 1437; x_wconf 85' lang='lat' dir='ltr'><strong>Adulteria</strong></span> <span class='ocrx_word' id='word_1_59' title='bbox 363 1378 490 1454; x_wconf 89' lang='lat' dir='ltr'><strong>quidem</strong></span> <span class='ocrx_word' id='word_1_60' title='bbox 505 1377 681 1436; x_wconf 88' lang='lat' dir='ltr'><strong>exercuisse</strong></span> <span class='ocrx_word' id='word_1_61' title='bbox 695 1362 740 1435; x_wconf 32' lang='lat' dir='ltr'><strong>ne*</strong></span> <span class='ocrx_word' id='word_1_62' title='bbox 754 1376 848 1436; x_wconf 89' lang='lat' dir='ltr'><strong>amici</strong></span> <span class='ocrx_word' id='word_1_63' title='bbox 869 1360 997 1454; x_wconf 87' lang='lat' dir='ltr'><strong>quidem</strong></span> <span class='ocrx_word' id='word_1_64' title='bbox 1017 1360 1145 1452; x_wconf 83' lang='lat' dir='ltr'><strong>negant,</strong></span> <span class='ocrx_word' id='word_1_65' title='bbox 1171 1387 1205 1436; x_wconf 80' lang='grc'><strong>69</strong></span> 
     </span>
     <span class='ocr_line' id='line_1_11' title="bbox 106 1481 1146 1558; baseline -0.007 -11"><span class='ocrx_word' id='word_1_66' title='bbox 106 1488 326 1547; x_wconf 79' lang='grc'><strong>101111111111</strong></span> <span class='ocrx_word' id='word_1_67' title='bbox 343 1501 417 1541; x_wconf 90' lang='grc'><strong>1111</strong></span> <span class='ocrx_word' id='word_1_68' title='bbox 433 1501 497 1540; x_wconf 90' lang='grc'><strong>101</strong></span> <span class='ocrx_word' id='word_1_69' title='bbox 515 1481 656 1557; x_wconf 80' lang='lat' dir='ltr'><strong>libidine,</strong></span> <span class='ocrx_word' id='word_1_70' title='bbox 673 1482 727 1540; x_wconf 90' lang='lat' dir='ltr'><strong>sed</strong></span> <span class='ocrx_word' id='word_1_71' title='bbox 750 1481 870 1541; x_wconf 89' lang='lat' dir='ltr'><strong>ratione</strong></span> <span class='ocrx_word' id='word_1_72' title='bbox 892 1481 1146 1558; x_wconf 66' lang='lat' dir='ltr'><strong>commissaque</strong></span> 
     </span>
     <span class='ocr_line' id='line_1_12' title="bbox 143 1565 1147 1663; baseline -0.002 -17"><span class='ocrx_word' id='word_1_73' title='bbox 143 1587 267 1647; x_wconf 85' lang='lat' dir='ltr'><strong>facilius</strong></span> <span class='ocrx_word' id='word_1_74' title='bbox 284 1587 414 1646; x_wconf 86' lang='lat' dir='ltr'><strong>consilia</strong></span> <span class='ocrx_word' id='word_1_75' title='bbox 433 1586 684 1646; x_wconf 85' lang='lat' dir='ltr'><strong>adversariorum</strong></span> <span class='ocrx_word' id='word_1_76' title='bbox 699 1605 756 1663; x_wconf 89' lang='lat' dir='ltr'><strong>per</strong></span> <span class='ocrx_word' id='word_1_77' title='bbox 770 1585 919 1662; x_wconf 89' lang='lat' dir='ltr'><strong>cuiusque</strong></span> <span class='ocrx_word' id='word_1_78' title='bbox 934 1565 1081 1645; x_wconf 89' lang='lat' dir='ltr'><strong>mulieres</strong></span> <span class='ocrx_word' id='word_1_79' title='bbox 1096 1605 1147 1645; x_wconf 82' lang='lat' dir='ltr'><strong>ex-</strong></span> 
     </span>
     <span class='ocr_line' id='line_1_13' title="bbox 143 1691 1145 1769; baseline 0.001 -19"><span class='ocrx_word' id='word_1_80' title='bbox 143 1692 291 1769; x_wconf 89' lang='lat' dir='ltr'><strong>quireret.</strong></span> <span class='ocrx_word' id='word_1_81' title='bbox 335 1694 378 1750; x_wconf 90' lang='lat' dir='ltr'><strong>M.</strong></span> <span class='ocrx_word' id='word_1_82' title='bbox 400 1692 558 1750; x_wconf 87' lang='lat' dir='ltr'><strong>Antonius</strong></span> <span class='ocrx_word' id='word_1_83' title='bbox 580 1711 674 1768; x_wconf 88' lang='lat' dir='ltr'><strong>super</strong></span> <span class='ocrx_word' id='word_1_84' title='bbox 696 1691 862 1751; x_wconf 88' lang='lat' dir='ltr'><strong>festinatas</strong></span> <span class='ocrx_word' id='word_1_85' title='bbox 884 1691 994 1750; x_wconf 83' lang='lat' dir='ltr'><strong>Liviae</strong></span> <span class='ocrx_word' id='word_1_86' title='bbox 1015 1692 1145 1769; x_wconf 84' lang='lat' dir='ltr'><strong>nuptias</strong></span> 
     </span>
     <span class='ocr_line' id='line_1_14' title="bbox 143 1781 1147 1856; baseline -0.001 0"><span class='ocrx_word' id='word_1_87' title='bbox 143 1781 257 1856; x_wconf 87' lang='lat' dir='ltr'><strong>obiecit</strong></span> <span class='ocrx_word' id='word_1_88' title='bbox 278 1803 310 1856; x_wconf 93' lang='grc'><strong>11</strong></span> <span class='ocrx_word' id='word_1_89' title='bbox 323 1797 475 1856; x_wconf 88' lang='lat' dir='ltr'><strong>feminam</strong></span> <span class='ocrx_word' id='word_1_90' title='bbox 497 1781 691 1855; x_wconf 85' lang='lat' dir='ltr'><strong>consularem</strong></span> <span class='ocrx_word' id='word_1_91' title='bbox 712 1815 729 1855; x_wconf 92' lang='grc'><strong>1</strong></span> <span class='ocrx_word' id='word_1_92' title='bbox 747 1795 886 1855; x_wconf 92' lang='lat' dir='ltr'><strong>triclinio</strong></span> <span class='ocrx_word' id='word_1_93' title='bbox 902 1795 964 1854; x_wconf 90' lang='lat' dir='ltr'><strong>viri</strong></span> <span class='ocrx_word' id='word_1_94' title='bbox 987 1815 1091 1855; x_wconf 89' lang='lat' dir='ltr'><strong>coram</strong></span> <span class='ocrx_word' id='word_1_95' title='bbox 1112 1796 1147 1855; x_wconf 93' lang='lat' dir='ltr'><strong>in</strong></span> 
     </span>
     <span class='ocr_line' id='line_1_15' title="bbox 144 1900 1146 1977; baseline 0 -16"><span class='ocrx_word' id='word_1_96' title='bbox 144 1902 320 1962; x_wconf 92' lang='lat' dir='ltr'><strong>cubiculum</strong></span> <span class='ocrx_word' id='word_1_97' title='bbox 347 1901 524 1977; x_wconf 81' lang='lat' dir='ltr'><strong>abductam,</strong></span> <span class='ocrx_word' id='word_1_98' title='bbox 553 1921 660 1960; x_wconf 91' lang='lat' dir='ltr'><strong>rursus</strong></span> <span class='ocrx_word' id='word_1_99' title='bbox 689 1901 722 1959; x_wconf 90' lang='lat' dir='ltr'><strong>in</strong></span> <span class='ocrx_word' id='word_1_100' title='bbox 752 1901 931 1968; x_wconf 85' lang='lat' dir='ltr'><strong>convivium</strong></span> <span class='ocrx_word' id='word_1_101' title='bbox 959 1900 1146 1961; x_wconf 89' lang='lat' dir='ltr'><strong>rubentibus</strong></span> 
     </span>
     <span class='ocr_line' id='line_1_16' title="bbox 105 1986 1148 2084; baseline -0.005 -13"><span class='ocrx_word' id='word_1_102' title='bbox 105 2026 134 2071; x_wconf 80' lang='lat'><strong>15</strong></span> <span class='ocrx_word' id='word_1_103' title='bbox 142 2007 291 2066; x_wconf 90' lang='lat' dir='ltr'><strong>auriculis</strong></span> <span class='ocrx_word' id='word_1_104' title='bbox 306 2007 513 2084; x_wconf 84' lang='lat' dir='ltr'><strong>incomptiore</strong></span> <span class='ocrx_word' id='word_1_105' title='bbox 529 2006 643 2083; x_wconf 77' lang='lat' dir='ltr'><strong>capillo</strong></span> <span class='ocrx_word' id='word_1_106' title='bbox 658 2007 837 2080; x_wconf 82' lang='lat' dir='ltr'><strong>reductam3</strong></span> <span class='ocrx_word' id='word_1_107' title='bbox 852 2005 1016 2066; x_wconf 87' lang='lat' dir='ltr'><strong>dimissam</strong></span> <span class='ocrx_word' id='word_1_108' title='bbox 1027 1986 1148 2066; x_wconf 84' lang='lat' dir='ltr'><strong>Scribo-</strong></span> 
     </span>
     <span class='ocr_line' id='line_1_17' title="bbox 142 2111 1146 2190; baseline 0 -19"><span class='ocrx_word' id='word_1_109' title='bbox 142 2113 228 2172; x_wconf 89' lang='lat' dir='ltr'><strong>niam</strong></span> <span class='ocrx_word' id='word_1_110' title='bbox 242 2113 316 2190; x_wconf 90' lang='lat' dir='ltr'><strong>quia</strong></span> <span class='ocrx_word' id='word_1_111' title='bbox 336 2112 465 2171; x_wconf 88' lang='lat' dir='ltr'><strong>liberius</strong></span> <span class='ocrx_word' id='word_1_112' title='bbox 481 2112 635 2170; x_wconf 87' lang='lat' dir='ltr'><strong>doluisset</strong></span> <span class='ocrx_word' id='word_1_113' title='bbox 649 2112 780 2171; x_wconf 89' lang='lat' dir='ltr'><strong>nimiam</strong></span> <span class='ocrx_word' id='word_1_114' title='bbox 800 2111 975 2189; x_wconf 90' lang='lat' dir='ltr'><strong>potentiam</strong></span> <span class='ocrx_word' id='word_1_115' title='bbox 994 2112 1125 2189; x_wconf 87' lang='lat' dir='ltr'><strong>paelicis</strong></span> <span class='ocrx_word' id='word_1_116' title='bbox 1139 2135 1146 2187; x_wconf 84' lang='lat'><em>3</em></span> 
     </span>
     <span class='ocr_line' id='line_1_18' title="bbox 144 2199 1148 2294; baseline 0 -18"><span class='ocrx_word' id='word_1_117' title='bbox 144 2218 339 2277; x_wconf 88' lang='lat' dir='ltr'><strong>condiciones</strong></span> <span class='ocrx_word' id='word_1_118' title='bbox 355 2216 513 2294; x_wconf 89' lang='lat' dir='ltr'><strong>quaesitas</strong></span> <span class='ocrx_word' id='word_1_119' title='bbox 529 2237 585 2294; x_wconf 85' lang='lat' dir='ltr'><strong>per</strong></span> <span class='ocrx_word' id='word_1_120' title='bbox 599 2217 726 2291; x_wconf 89' lang='lat' dir='ltr'><strong>amicos,</strong></span> <span class='ocrx_word' id='word_1_121' title='bbox 742 2200 797 2294; x_wconf 89' lang='lat' dir='ltr'><strong>qni</strong></span> <span class='ocrx_word' id='word_1_122' title='bbox 815 2199 930 2276; x_wconf 88' lang='lat' dir='ltr'><strong>matres</strong></span> <span class='ocrx_word' id='word_1_123' title='bbox 953 2216 1092 2276; x_wconf 80' lang='lat' dir='ltr'><strong>familias</strong></span> <span class='ocrx_word' id='word_1_124' title='bbox 1114 2223 1148 2276; x_wconf 92' lang='lat' dir='ltr'><strong>et</strong></span> 
     </span>
     <span class='ocr_line' id='line_1_19' title="bbox 142 2321 1147 2399; baseline 0 -17"><span class='ocrx_word' id='word_1_125' title='bbox 142 2324 266 2382; x_wconf 88' lang='lat' dir='ltr'><strong>adultas</strong></span> <span class='ocrx_word' id='word_1_126' title='bbox 294 2328 398 2382; x_wconf 88' lang='lat' dir='ltr'><strong>aetate</strong></span> <span class='ocrx_word' id='word_1_127' title='bbox 422 2323 560 2397; x_wconf 83' lang='lat' dir='ltr'><strong>virgines</strong></span> <span class='ocrx_word' id='word_1_128' title='bbox 590 2323 786 2381; x_wconf 89' lang='lat' dir='ltr'><strong>denudarent</strong></span> <span class='ocrx_word' id='word_1_129' title='bbox 810 2328 905 2398; x_wconf 89' lang='lat' dir='ltr'><strong>atque</strong></span> <span class='ocrx_word' id='word_1_130' title='bbox 930 2321 1147 2399; x_wconf 89' lang='lat' dir='ltr'><strong>perspicerent</strong></span> 
     </span>
     <span class='ocr_line' id='line_1_20' title="bbox 143 2427 1171 2505; baseline 0 -17"><span class='ocrx_word' id='word_1_131' title='bbox 143 2435 304 2505; x_wconf 91' lang='lat' dir='ltr'><strong>tamquam</strong></span> <span class='ocrx_word' id='word_1_132' title='bbox 325 2428 460 2487; x_wconf 80' lang='lat' dir='ltr'><strong>Toranio</strong></span> <span class='ocrx_word' id='word_1_133' title='bbox 482 2447 633 2503; x_wconf 86' lang='lat' dir='ltr'><strong>mangone</strong></span> <span class='ocrx_word' id='word_1_134' title='bbox 648 2429 812 2487; x_wconf 85' lang='lat' dir='ltr'><strong>vendente.</strong></span> <span class='ocrx_word' id='word_1_135' title='bbox 857 2427 973 2486; x_wconf 84' lang='lat' dir='ltr'><strong>Scribit</strong></span> <span class='ocrx_word' id='word_1_136' title='bbox 992 2427 1089 2487; x_wconf 89' lang='lat' dir='ltr'><strong>etiam</strong></span> <span class='ocrx_word' id='word_1_137' title='bbox 1105 2428 1171 2488; x_wconf 78' lang='lat' dir='ltr'><strong>ada</strong></span> 
     </span>
     <span class='ocr_line' id='line_1_21' title="bbox 105 2515 1145 2610; baseline -0.005 -14"><span class='ocrx_word' id='word_1_138' title='bbox 105 2533 247 2610; x_wconf 77' lang='lat' dir='ltr'><strong>reipsum</strong></span> <span class='ocrx_word' id='word_1_139' title='bbox 274 2533 351 2592; x_wconf 89' lang='lat' dir='ltr'><strong>haec</strong></span> <span class='ocrx_word' id='word_1_140' title='bbox 379 2533 579 2592; x_wconf 81' lang='lat' dir='ltr'><strong>familiariter</strong></span> <span class='ocrx_word' id='word_1_141' title='bbox 601 2532 703 2592; x_wconf 91' lang='lat' dir='ltr'><strong>adhuc</strong></span> <span class='ocrx_word' id='word_1_142' title='bbox 727 2533 861 2591; x_wconf 86' lang='lat' dir='ltr'><strong>necdum</strong></span> <span class='ocrx_word' id='word_1_143' title='bbox 883 2532 976 2610; x_wconf 85' lang='lat' dir='ltr'><strong>plane</strong></span> <span class='ocrx_word' id='word_1_144' title='bbox 999 2515 1145 2592; x_wconf 89' lang='lat' dir='ltr'><strong>inimicus</strong></span> 
     </span>
     <span class='ocr_line' id='line_1_22' title="bbox 143 2637 1146 2713; baseline -0.001 -15"><span class='ocrx_word' id='word_1_145' title='bbox 143 2645 198 2698; x_wconf 91' lang='lat' dir='ltr'><strong>aut</strong></span> <span class='ocrx_word' id='word_1_146' title='bbox 224 2638 343 2698; x_wconf 89' lang='lat' dir='ltr'><strong>hostis:</strong></span> <span class='ocrx_word' id='word_1_147' title='bbox 386 2637 487 2708; x_wconf 81' lang='lat' dir='ltr'><strong>Quid</strong></span> <span class='ocrx_word' id='word_1_148' title='bbox 510 2643 549 2697; x_wconf 90' lang='lat' dir='ltr'><strong>te</strong></span> <span class='ocrx_word' id='word_1_149' title='bbox 579 2637 783 2697; x_wconf 76' lang='lat' dir='ltr'><strong>mutavit?</strong></span> <span class='ocrx_word' id='word_1_150' title='bbox 826 2637 935 2707; x_wconf 82' lang='lat' dir='ltr'><strong>Quod</strong></span> <span class='ocrx_word' id='word_1_151' title='bbox 965 2637 1146 2713; x_wconf 87' lang='lat' dir='ltr'><strong>reginam</strong></span> 
     </span>
     <span class='ocr_line' id='line_1_23' title="bbox 144 2742 1147 2820; baseline 0 -18"><span class='ocrx_word' id='word_1_152' title='bbox 144 2745 260 2803; x_wconf 87' lang='lat' dir='ltr'><strong>ineo?</strong></span> <span class='ocrx_word' id='word_1_153' title='bbox 303 2744 608 2803; x_wconf 84' lang='lat' dir='ltr'><strong>Uxormeaest.</strong></span> <span class='ocrx_word' id='word_1_154' title='bbox 657 2743 907 2820; x_wconf 90' lang='lat' dir='ltr'><strong>Nunccoepi</strong></span> <span class='ocrx_word' id='word_1_155' title='bbox 929 2761 976 2802; x_wconf 92' lang='lat' dir='ltr'><strong>an</strong></span> <span class='ocrx_word' id='word_1_156' title='bbox 998 2742 1147 2802; x_wconf 88' lang='lat' dir='ltr'><strong>abhinc</strong></span> 
     </span>
     <span class='ocr_line' id='line_1_24' title="bbox 144 2848 1146 2909; baseline -0.002 0"><span class='ocrx_word' id='word_1_157' title='bbox 144 2869 266 2909; x_wconf 90' lang='grc'><strong>11101</strong></span> <span class='ocrx_word' id='word_1_158' title='bbox 288 2852 454 2908; x_wconf 84' lang='lat' dir='ltr'><strong>novem?</strong></span> <span class='ocrx_word' id='word_1_159' title='bbox 498 2850 552 2907; x_wconf 93' lang='lat' dir='ltr'><strong>Tu</strong></span> <span class='ocrx_word' id='word_1_160' title='bbox 584 2849 732 2908; x_wconf 84' lang='lat' dir='ltr'><strong>deinde</strong></span> <span class='ocrx_word' id='word_1_161' title='bbox 762 2849 888 2908; x_wconf 88' lang='lat' dir='ltr'><strong>solam</strong></span> <span class='ocrx_word' id='word_1_162' title='bbox 918 2848 1146 2908; x_wconf 88' lang='lat' dir='ltr'><strong>Drusillam</strong></span> 
     </span>
     <span class='ocr_line' id='line_1_25' title="bbox 144 2953 1146 3030; baseline -0.002 -16"><span class='ocrx_word' id='word_1_163' title='bbox 144 2956 250 3015; x_wconf 81' lang='lat' dir='ltr'><strong>inis?</strong></span> <span class='ocrx_word' id='word_1_164' title='bbox 307 2956 373 3015; x_wconf 92' lang='lat' dir='ltr'><strong>Ita</strong></span> <span class='ocrx_word' id='word_1_165' title='bbox 414 2955 553 3014; x_wconf 87' lang='lat' dir='ltr'><strong>valeas</strong></span> <span class='ocrx_word' id='word_1_166' title='bbox 594 2955 656 3013; x_wconf 92' lang='lat' dir='ltr'><strong>uti</strong></span> <span class='ocrx_word' id='word_1_167' title='bbox 697 2960 748 3028; x_wconf 91' lang='lat' dir='ltr'><strong>tu,</strong></span> <span class='ocrx_word' id='word_1_168' title='bbox 783 2955 883 3013; x_wconf 93' lang='lat' dir='ltr'><strong>hanc</strong></span> <span class='ocrx_word' id='word_1_169' title='bbox 923 2953 1146 3030; x_wconf 88' lang='lat' dir='ltr'><strong>epistulam</strong></span> 
     </span>
     <span class='ocr_line' id='line_1_26' title="bbox 105 3038 1147 3137; baseline -0.004 -15"><span class='ocrx_word' id='word_1_170' title='bbox 105 3077 228 3122; x_wconf 82' lang='grc'><strong>251111</strong></span> <span class='ocrx_word' id='word_1_171' title='bbox 249 3060 369 3137; x_wconf 85' lang='lat' dir='ltr'><strong>leges,</strong></span> <span class='ocrx_word' id='word_1_172' title='bbox 391 3081 467 3119; x_wconf 92' lang='lat' dir='ltr'><strong>non</strong></span> <span class='ocrx_word' id='word_1_173' title='bbox 489 3060 637 3119; x_wconf 89' lang='lat' dir='ltr'><strong>inieris</strong></span> <span class='ocrx_word' id='word_1_174' title='bbox 668 3059 896 3119; x_wconf 83' lang='lat' dir='ltr'><strong>Tertullam</strong></span> <span class='ocrx_word' id='word_1_175' title='bbox 917 3038 986 3119; x_wconf 87' lang='lat' dir='ltr'><strong>aut</strong></span> <span class='ocrx_word' id='word_1_176' title='bbox 1007 3060 1147 3118; x_wconf 87' lang='lat' dir='ltr'><strong>Teren·</strong></span> 
     </span>
     <span class='ocr_line' id='line_1_27' title="bbox 144 3165 1147 3229; baseline -0.001 -4"><span class='ocrx_word' id='word_1_177' title='bbox 144 3167 280 3226; x_wconf 91' lang='lat' dir='ltr'><strong>tillam</strong></span> <span class='ocrx_word' id='word_1_178' title='bbox 301 3173 370 3226; x_wconf 89' lang='lat' dir='ltr'><strong>aut</strong></span> <span class='ocrx_word' id='word_1_179' title='bbox 387 3167 592 3225; x_wconf 83' lang='lat' dir='ltr'><strong>Rufillam</strong></span> <span class='ocrx_word' id='word_1_180' title='bbox 612 3171 682 3225; x_wconf 90' lang='grc'><strong>111</strong></span> <span class='ocrx_word' id='word_1_181' title='bbox 701 3165 880 3225; x_wconf 80' lang='lat' dir='ltr'><strong>Saluiam</strong></span> <span class='ocrx_word' id='word_1_182' title='bbox 898 3165 1147 3229; x_wconf 81' lang='lat' dir='ltr'><strong>Titiseniam</strong></span> 
     </span>
     <span class='ocr_line' id='line_1_28' title="bbox 143 3271 1145 3349; baseline -0.001 -18"><span class='ocrx_word' id='word_1_183' title='bbox 143 3278 213 3331; x_wconf 91' lang='lat' dir='ltr'><strong>aut</strong></span> <span class='ocrx_word' id='word_1_184' title='bbox 234 3292 376 3331; x_wconf 88' lang='lat' dir='ltr'><strong>omnes.</strong></span> <span class='ocrx_word' id='word_1_185' title='bbox 418 3273 477 3330; x_wconf 83' lang='lat' dir='ltr'><strong>An</strong></span> <span class='ocrx_word' id='word_1_186' title='bbox 499 3272 631 3330; x_wconf 88' lang='lat' dir='ltr'><strong>refert</strong></span> <span class='ocrx_word' id='word_1_187' title='bbox 651 3271 719 3329; x_wconf 91' lang='lat' dir='ltr'><strong>ubi</strong></span> <span class='ocrx_word' id='word_1_188' title='bbox 741 3277 780 3330; x_wconf 94' lang='grc'><strong>11</strong></span> <span class='ocrx_word' id='word_1_189' title='bbox 801 3271 841 3328; x_wconf 91' lang='grc'><strong>11</strong></span> <span class='ocrx_word' id='word_1_190' title='bbox 863 3290 938 3349; x_wconf 92' lang='lat' dir='ltr'><strong>qua</strong></span> <span class='ocrx_word' id='word_1_191' title='bbox 958 3271 1145 3346; x_wconf 84' lang='lat' dir='ltr'><strong>arrigas?</strong></span> 
     </span>
     <span class='ocr_line' id='line_1_29' title="bbox 185 3376 1205 3454; baseline -0.001 -17"><span class='ocrx_word' id='word_1_192' title='bbox 185 3378 269 3437; x_wconf 84' lang='lat' dir='ltr'><strong>Cena</strong></span> <span class='ocrx_word' id='word_1_193' title='bbox 283 3396 405 3454; x_wconf 89' lang='lat' dir='ltr'><strong>quoque</strong></span> <span class='ocrx_word' id='word_1_194' title='bbox 421 3377 487 3435; x_wconf 92' lang='grc'><strong>1111</strong></span> <span class='ocrx_word' id='word_1_195' title='bbox 508 3377 656 3435; x_wconf 87' lang='lat' dir='ltr'><strong>secretior</strong></span> <span class='ocrx_word' id='word_1_196' title='bbox 675 3377 707 3434; x_wconf 89' lang='lat' dir='ltr'><strong>in</strong></span> <span class='ocrx_word' id='word_1_197' title='bbox 730 3376 846 3434; x_wconf 90' lang='lat' dir='ltr'><strong>fabulis</strong></span> <span class='ocrx_word' id='word_1_198' title='bbox 869 3376 942 3451; x_wconf 81' lang='lat' dir='ltr'><strong>fuit,</strong></span> <span class='ocrx_word' id='word_1_199' title='bbox 957 3395 1037 3453; x_wconf 90' lang='lat' dir='ltr'><strong>quae</strong></span> <span class='ocrx_word' id='word_1_200' title='bbox 1051 3376 1147 3452; x_wconf 85' lang='lat' dir='ltr'><strong>vulgo</strong></span> <span class='ocrx_word' id='word_1_201' title='bbox 1169 3394 1205 3446; x_wconf 83' lang='lat'><strong>70</strong></span> 
     </span>
     <span class='ocr_line' id='line_1_30' title="bbox 144 3480 1147 3558; baseline -0.006 -12"><span class='ocrx_word' id='word_1_202' title='bbox 144 3486 307 3549; x_wconf 77' lang='grc' dir='ltr'>δωδεκάθεος</span> <span class='ocrx_word' id='word_1_203' title='bbox 327 3483 514 3556; x_wconf 83' lang='lat' dir='ltr'><strong>vocabatur3</strong></span> <span class='ocrx_word' id='word_1_204' title='bbox 536 3483 569 3541; x_wconf 89' lang='grc'><strong>11</strong></span> <span class='ocrx_word' id='word_1_205' title='bbox 590 3501 652 3558; x_wconf 89' lang='lat' dir='ltr'><strong>qua</strong></span> <span class='ocrx_word' id='word_1_206' title='bbox 672 3483 802 3540; x_wconf 88' lang='lat' dir='ltr'><strong>deorum</strong></span> <span class='ocrx_word' id='word_1_207' title='bbox 823 3482 1014 3558; x_wconf 90' lang='lat' dir='ltr'><strong>dearumque</strong></span> <span class='ocrx_word' id='word_1_208' title='bbox 1034 3480 1147 3541; x_wconf 90' lang='lat' dir='ltr'><strong>habitu</strong></span> 
     </span>
     <span class='ocr_line' id='line_1_31' title="bbox 104 3585 1147 3664; baseline -0.001 -17"><span class='ocrx_word' id='word_1_209' title='bbox 104 3602 133 3647; x_wconf 85' lang='lat'><strong>30</strong></span> <span class='ocrx_word' id='word_1_210' title='bbox 144 3589 338 3648; x_wconf 90' lang='lat' dir='ltr'><strong>discubuisse</strong></span> <span class='ocrx_word' id='word_1_211' title='bbox 354 3588 501 3648; x_wconf 86' lang='lat' dir='ltr'><strong>convivas</strong></span> <span class='ocrx_word' id='word_1_212' title='bbox 516 3593 549 3646; x_wconf 91' lang='grc'><strong>11</strong></span> <span class='ocrx_word' id='word_1_213' title='bbox 564 3587 668 3664; x_wconf 91' lang='lat' dir='ltr'><strong>ipsum</strong></span> <span class='ocrx_word' id='word_1_214' title='bbox 683 3606 739 3663; x_wconf 91' lang='lat' dir='ltr'><strong>pro</strong></span> <span class='ocrx_word' id='word_1_215' title='bbox 754 3585 903 3663; x_wconf 87' lang='lat' dir='ltr'><strong>Apolline</strong></span> <span class='ocrx_word' id='word_1_216' title='bbox 923 3591 1069 3645; x_wconf 89' lang='lat' dir='ltr'><strong>ornatum</strong></span> <span class='ocrx_word' id='word_1_217' title='bbox 1083 3588 1147 3646; x_wconf 89' lang='lat' dir='ltr'><strong>non</strong></span> 
     </span>
     <span class='ocr_line' id='line_1_32' title="bbox 144 3691 1147 3770; baseline -0.001 -16"><span class='ocrx_word' id='word_1_218' title='bbox 144 3694 264 3754; x_wconf 91' lang='lat' dir='ltr'><strong>Antoni</strong></span> <span class='ocrx_word' id='word_1_219' title='bbox 292 3694 383 3752; x_wconf 92' lang='lat' dir='ltr'><strong>modo</strong></span> <span class='ocrx_word' id='word_1_220' title='bbox 411 3693 566 3770; x_wconf 89' lang='lat' dir='ltr'><strong>epistulae</strong></span> <span class='ocrx_word' id='word_1_221' title='bbox 588 3692 781 3767; x_wconf 85' lang='lat' dir='ltr'><strong>singulorum</strong></span> <span class='ocrx_word' id='word_1_222' title='bbox 803 3691 931 3750; x_wconf 88' lang='lat' dir='ltr'><strong>nomina</strong></span> <span class='ocrx_word' id='word_1_223' title='bbox 950 3691 1147 3753; x_wconf 88' lang='lat' dir='ltr'><strong>amarissime</strong></span> 
     </span>
    </p>
   </div>
   <div class='ocr_carea' id='block_1_5' title="bbox 0 0 1350 4140">
    <p class='ocr_par' dir='ltr' id='par_1_5' title="bbox 0 0 1350 4140">
     <span class='ocr_line' id='line_1_33' title="bbox 0 0 1350 4140; baseline 0 0"><span class='ocrx_word' id='word_1_224' title='bbox 0 0 1350 4140; x_wconf 95' lang='lat' dir='ltr'><strong> </strong></span> 
     </span>
    </p>
   </div>
  </div>
 </body>
</html>
