2678 4140
431 258 886 312 mmrwmmm
1079 244 1162 312 -5

163 437 296 492 auctores
317 438 393 493 sunt
412 433 608 510 conspirasse
629 453 700 493 61111
719 433 816 493 etiam
836 451 907 492 cum
922 431 1030 492 Gnaeo
1046 431 1162 491 Pisone

161 538 364 613 adulescente,
391 538 441 597 cui
469 539 509 597 ob
537 538 748 616 suspicionem
772 538 909 597 urbanae
938 537 1161 596 coniurationis

161 643 317 720 provincia
331 643 490 721 Hispania
500 644 585 703 ultro
596 649 686 703 extra
697 643 839 702 ordinem
849 643 924 702 data
940 642 1001 715 sit;
1022 646 1162 719 pactum·

160 754 265 825 quent
280 748 375 817 simul
395 749 473 808 foris
491 748 555 824 ille,
571 749 639 826 ipse
658 750 775 808 Romae
792 749 832 807 ad
852 766 901 807 res
920 765 1018 807 novas
1037 765 1161 806 consur·

159 859 273 930 gerent,
306 873 363 931 per
394 854 584 914 †Ambranos
617 860 650 914 et
683 853 941 941 Transpadanps3
972 851 1186 914 destitutumo

158 959 320 1037 utriusque
341 959 508 1019 consilium
530 966 630 1021 morte
652 959 787 1019 Pisonis.

107 1075 153 1125 10
194 1064 318 1124 Aedilis
338 1070 464 1150 praeter
478 1065 640 1125 comitium
659 1084 695 1125 ac
715 1065 820 1124 forum
840 1063 1048 1141 basilicasque
1064 1063 1161 1123 etiam

158 1169 348 1248 Capitolium
359 1171 493 1245 ornavit,
503 1170 676 1248 porticibus
691 1172 731 1230 ad
743 1176 868 1246 tempus
880 1169 1032 1230 extructis
1048 1169 1081 1227 in
1096 1169 1162 1246 qui-

157 1275 211 1335 bus
228 1276 409 1336 abundante
429 1295 532 1335 rerum
547 1276 637 1353 copia
656 1295 729 1354 pars
750 1281 921 1352 apparatus
941 1279 1158 1351 exponeretur.

157 1381 345 1441 Venationes
364 1386 472 1441 autem
489 1381 643 1458 ludosque
658 1387 691 1441 et
712 1401 783 1441 cum
806 1380 925 1456 collega
944 1386 976 1439 et
991 1379 1160 1457 separatim
1170 1378 1199 1439 10

157 1486 264 1561 edidit,
289 1505 351 1563 qno
379 1486 500 1545 factum
528 1491 577 1545 est
604 1493 640 1546 ut
665 1485 877 1545 communium
902 1503 1025 1561 quoque
1054 1484 1161 1560 inpen-

158 1610 261 1650 sarum
285 1591 370 1650 solus
398 1591 533 1667 gratiam
559 1597 685 1669 caperet
713 1609 770 1650 nec
797 1589 1014 1648 dissimularet
1042 1588 1161 1665 collega

157 1696 221 1756 eius
243 1698 371 1756 Marcus
393 1696 526 1755 Bibulus
551 1696 731 1756 evenisse
760 1695 836 1754 sibi
864 1694 961 1771 quod
989 1693 1159 1753 Polluci:

156 1808 198 1861 ut
224 1801 330 1861 enim
358 1802 517 1878 geminis
547 1801 738 1861 fratribus
766 1800 878 1860 aedes
903 1800 941 1858 in
966 1799 1053 1858 foro
1078 1817 1162 1857 con·

157 1907 303 1967 stituta
335 1912 486 1967 tantum
519 1907 694 1967 Castoris
727 1910 937 1979 vocaretur,
968 1904 1027 1964 ita
1057 1918 1199 1964 suam1t

156 2012 405 2089 Caesarisque
455 2011 768 2070 munificentiam
817 2009 930 2068 unius
980 2008 1160 2069 Caesaris

138 2117 244 2177 adici.
289 2117 417 2178 Adiecit
441 2117 570 2194 insuper
594 2117 708 2176 Caesar
730 2115 824 2176 etiam
849 2113 1072 2190 gladiatorium
1097 2132 1162 2171 mu-

155 2241 222 2297 nus,
245 2222 300 2282 sed
322 2222 484 2299 aliquanto
507 2221 705 2298 paucioribus
728 2239 822 2297 quam
844 2219 1059 2278 destinaverat
1081 2218 1161 2296 paris

155 2327 230 2403 bus3
254 2347 329 2388 nam
348 2346 419 2386 cum
438 2326 609 2403 multiplici
629 2325 766 2402 undique
787 2324 910 2384 familia
930 2328 1098 2400 conparata
1117 2323 1162 2381 in-

156 2433 263 2493 imicos
283 2433 497 2507 exterruisset,
518 2438 644 2492 cautum
666 2437 715 2491 est
736 2431 776 2491 de
798 2449 928 2490 numero
949 2429 1199 2505 gladiatorumao

155 2558 215 2615 quo
236 2557 277 2597 ne
298 2539 448 2598 maiorem
470 2539 616 2614 cuiquam
637 2537 750 2596 habere
773 2536 890 2595 Romae
912 2535 1029 2594 liceret.

113 2650 139 2700 11
193 2644 369 2706 Conciliato
390 2644 500 2722 populi
522 2645 629 2704 favore
651 2643 822 2720 temptavit
843 2661 899 2720 per
920 2647 1043 2720 partem
1064 2640 1161 2701 tribn-

155 2770 265 2810 norum
286 2756 323 2810 ut
347 2750 408 2809 sibi
430 2750 596 2828 Aegyptus
621 2749 783 2827 provincia
807 2748 893 2826 plebi
918 2748 997 2807 scito
1022 2747 1159 2821 daretur,

154 2862 287 2916 nanctus
312 2855 555 2916 extraordinarii
583 2854 709 2932 imperii
735 2855 930 2914 occasionem
955 2853 1039 2930 qu'od
1069 2852 1162 2910 Alex-

154 2961 281 3021 andrini
308 2980 412 3037 regem
441 2980 532 3020 suum
561 2961 680 3020 socium
712 2966 807 3037 atque
839 2959 974 3019 amicum
1001 2977 1021 3017 a
1049 2963 1199 3017 senatuac

67 3083 70 3091 ·
155 3067 351 3146 appellatum
365 3067 552 3144 expulerant
572 3085 684 3143 resque
699 3067 794 3142 vulgo
816 3064 1050 3142 inprobabatur.
1092 3063 1161 3122 Nec

156 3172 294 3233 obtinuit
314 3173 510 3232 adversante
526 3172 728 3249 optimatium
751 3171 906 3230 factione:
935 3188 1069 3247 quorum
1092 3187 1161 3228 auc

156 3278 318 3338 toritatem
336 3283 373 3337 ut
394 3277 508 3355 quibus
530 3283 638 3354 posset
658 3277 758 3336 modis
779 3277 813 3334 in
832 3276 933 3336 vicem
954 3275 1160 3348 deminueret,

156 3389 285 3462 tropaea
305 3383 366 3442 Gai
380 3383 464 3443 Mari
478 3383 517 3442 de
529 3382 685 3458 Iugurtha
698 3383 801 3459 deque
817 3381 952 3441 Cimbris
967 3386 1062 3456 atque
1085 3381 1162 3438 Teu-

156 3489 239 3551 tonis
261 3488 336 3547 olim
359 3507 378 3548 a
397 3488 485 3548 Sulla
505 3488 638 3548 disiecta
654 3488 797 3548 restituit
818 3494 913 3563 atque
935 3487 968 3544 in
990 3485 1200 3544 exercendaao

156 3595 194 3653 de
216 3593 325 3653 sicaris
340 3594 523 3670 quaestione
545 3612 596 3653 eos
616 3612 740 3670 quoque
763 3593 945 3652 sicariorum
967 3609 1096 3649 numero
1110 3590 1162 3648 ha

156 3699 225 3758 buit
244 3698 299 3775 qui
320 3698 549 3775 proscriptione
569 3698 608 3757 ob
630 3698 728 3758 relata
749 3698 863 3756 civium
885 3699 1098 3756 Romanorum
1117 3713 1163 3754 ca
