2678 4140
158 233 199 298 76
240 245 271 297 c.
295 245 452 297 suarem
473 246 701 309 resuommr
724 247 774 297 ou
798 246 888 297 vrrs
911 245 1115 297 causarum

155 419 219 479 lam
234 417 347 496 Superi
360 423 393 477 et
407 417 510 478 Inferi
523 418 619 478 maris
636 417 820 494 conlocavit,
836 422 974 478 cetemm
992 436 1160 477 numerum

156 523 273 602 partim
287 523 320 580 in
337 522 424 582 urbis
444 523 560 600 partim
575 523 609 580 in
627 523 676 582 sui
696 522 870 583 custodiam
887 521 1008 598 adlegit
1025 521 1160 582 dimissa

156 628 465 705 Calagurritanorum
482 647 585 703 manu,
600 647 695 705 quam
714 646 813 705 usque
831 627 872 688 ad
887 626 1048 687 devictum
1062 627 1161 687 Anto

155 734 252 809 nium,
266 734 343 793 item
366 734 603 809 Germanorum,
619 752 714 810 quam
734 751 834 810 usque
853 732 894 793 ad
908 732 1030 793 cladem
1051 733 1161 793 Varia·

131 853 228 900 snam
252 840 336 899 inter
359 838 529 916 armigeros
555 839 638 899 circa
659 858 692 899 se
715 838 876 899 habuerat.
917 838 1030 916 Neque
1051 843 1161 898 tamen

155 963 304 1022 umquam
325 946 431 1023 plures
451 964 546 1021 quam
565 950 629 1004 tres
648 945 790 1004 cohortes
809 944 843 1003 in
863 944 940 1004 urbe
957 963 1026 1005 esse
1045 953 1160 1023 passus

155 1056 204 1110 est
225 1068 339 1127 easque
365 1051 431 1110 sine
461 1050 582 1126 castris,
607 1050 744 1127 reliquas
768 1051 803 1109 in
826 1050 957 1110 hiberna
981 1055 1013 1110 et
1036 1050 1161 1110 aestiva

155 1154 237 1215 circa
269 1155 405 1216 finitima
439 1157 556 1233 oppida
594 1156 755 1216 dimittere
791 1161 941 1216 assuerat.
996 1155 1184 1234 Quidquids

155 1267 260 1321 eutem
286 1260 402 1338 ubique
430 1261 567 1321 militum
594 1267 687 1336 esset,
711 1262 752 1321 ad
780 1267 897 1322 certam
928 1260 1160 1338 stipendiorum

116 1378 146 1422 10
154 1365 425 1442 praemiorumque
442 1365 611 1426 formulam
629 1365 810 1442 adstrinxit,
824 1365 963 1426 definitis
982 1384 1040 1444 pro
1059 1366 1161 1442 gradu

155 1470 304 1547 cuiusque
318 1476 351 1530 et
367 1471 561 1548 temporibus
580 1470 712 1531 militiae
726 1477 759 1531 et
773 1471 942 1531 commodis
962 1471 1158 1548 missionum,

154 1594 193 1635 ne
213 1581 269 1635 aut
292 1581 396 1636 aetate
419 1582 476 1636 aut
499 1575 607 1653 inopia
631 1582 704 1653 post
728 1576 909 1637 missionem
931 1575 1097 1636 sollicitari
1118 1577 1159 1637 ad

155 1699 203 1740 res
225 1700 322 1741 novas
344 1687 481 1759 possent.
523 1682 633 1759 thue
655 1687 808 1759 perpetuo
829 1701 866 1742 ac
887 1681 954 1742 sine
971 1680 1159 1742 difficultate

155 1793 299 1865 sumptus
326 1786 367 1847 ad
395 1786 528 1846 tuendos
557 1805 610 1845 eos
638 1786 933 1864 prosequendosque
964 1791 1157 1865 suppeteret,

116 1909 144 1954 ic
153 1892 308 1952 aerarium
322 1891 458 1951 militare
473 1911 544 1951 cum
557 1891 764 1968 vectigalibus
778 1891 868 1952 novis
883 1891 1056 1952 constituit.

192 1999 236 2057 Et
250 2016 311 2074 quo
326 1997 457 2058 celerius
471 2016 508 2057 ac
523 1997 581 2056 sub
602 2016 729 2057 manum
749 1996 931 2057 adnuntiari
952 1997 1181 2076 cognosciques

154 2109 261 2180 posset
275 2103 351 2179 quid
367 2102 399 2160 in
414 2102 576 2179 provincia
590 2121 713 2180 quaque
728 2107 897 2179 gereretur,
911 2103 1039 2162 iuvenes
1054 2103 1158 2180 primo

154 2208 284 2268 modicis
300 2207 476 2267 intervallis
492 2227 548 2285 per
563 2208 710 2268 militaris
724 2208 802 2283 vias,
814 2207 928 2267 dehinc
939 2207 1084 2268 vehicula
1097 2208 1159 2268 dis

153 2314 268 2391 posuit.
305 2313 505 2373 Commodius
521 2313 554 2371 id
569 2314 671 2372 visum
688 2319 745 2388 est,
757 2319 794 2372 ut
808 2313 863 2390 qui
876 2332 896 2372 a
909 2313 977 2373 loco
991 2312 1077 2373 idem
1090 2332 1159 2392 per·

114 2419 261 2479 ecferunt
282 2419 415 2493 litteras,
438 2418 625 2494 interrogari
646 2437 778 2496 quoque,
801 2418 828 2477 si
849 2418 926 2494 quid
947 2437 996 2478 res
1018 2417 1157 2496 exigant,

153 2525 284 2602 possint.

193 2631 232 2688 In
247 2630 471 2708 diplomatibus
487 2630 666 2708 libellisque
680 2636 713 2690 et
727 2630 873 2708 epistulis
888 2630 1049 2707 signandis
1063 2630 1157 2691 initio
1179 2638 1196 2688 5

154 2736 286 2812 sphinge
308 2755 382 2795 usus
404 2741 461 2810 est,
477 2755 548 2794 mox
570 2735 705 2811 imagine
726 2736 836 2812 Magni
857 2735 1040 2811 Alexandri,
1054 2736 1158 2796 novis·

154 2841 231 2900 sime
246 2860 311 2915 sua,
326 2841 522 2899 Dioscuridis
545 2860 639 2900 manu
661 2842 791 2918 scalpta,
806 2860 868 2918 qua
883 2841 1006 2918 signare
1020 2841 1156 2902 insecuti

113 2961 275 3023 aequoque
304 2946 462 3023 principes
491 2952 740 3023 perseverarunt.
796 2948 847 3006 Ad
872 2947 1025 3024 epistulas
1052 2947 1155 3007 omnis

152 3053 299 3111 horarum
320 3070 443 3128 quoque
465 3057 623 3110 momenta
642 3071 699 3111 nec
720 3051 784 3111 diei
805 3052 897 3111 modo
918 3053 973 3112 sed
992 3058 1025 3111 et
1042 3052 1155 3128 noctis,

152 3157 266 3234 quibus
280 3157 372 3216 datae
388 3157 648 3233 significarentur,
663 3158 807 3217 addebat.

192 3263 384 3323 Clementiae
410 3262 635 3339 civilitatisque
661 3263 727 3322 eius
753 3264 852 3324 multa
874 3270 906 3324 et
928 3283 1041 3342 magna
1064 3265 1193 3327 decu-5

153 3374 258 3427 menta
286 3374 368 3427 sunt.
411 3369 460 3427 Ne
486 3387 664 3427 enumerem
692 3374 769 3445 quot
797 3376 828 3429 et
852 3389 929 3447 quos
958 3370 1155 3430 diversarum

112 3474 289 3551 cepartium
305 3474 398 3533 venia
419 3478 451 3533 ct
471 3473 686 3532 incolumitate
707 3474 839 3534 donatos
861 3475 1036 3552 principem
1058 3476 1154 3536 etiam

151 3580 185 3637 in
200 3580 328 3639 civitate
348 3579 450 3636 locum
468 3584 574 3637 tenere
589 3597 700 3655 passus
716 3579 775 3638 sit:
798 3579 926 3638 Iunium
946 3580 1108 3658 Nouatum
1122 3586 1154 3640 et
1184 3614 1187 3619 ·

152 3684 295 3745 Cassium
320 3682 510 3742 Patavinum
531 3701 548 3742 e
570 3682 662 3759 plebe
686 3683 828 3742 homines
853 3685 987 3743 alterum
1011 3685 1153 3761 pecunia,
