2678 4140
488 243 599 293 tiaaa
622 243 643 295 1.
680 243 794 293 nrvus
817 243 941 294 IULIUS
1198 231 1215 294 7

219 420 346 494 togaque
361 415 484 476 obiecta
503 415 707 493 protexerint.
750 416 839 474 Tunc
856 414 949 493 plane
966 415 1136 475 deterritus
1154 434 1217 475 non

218 522 304 580 modo
335 520 439 596 cessit,
470 521 524 580 sed
553 526 585 580 et
618 520 652 579 in
679 520 836 597 reliquum
869 520 944 579 anni
977 525 1101 597 tempus
1131 520 1217 580 curia

217 627 373 687 abstinuit.

252 733 360 792 Primo
381 738 546 810 praeturae
567 733 619 791 die
640 733 793 802 Quintum
815 732 963 792 Catulum
984 732 1023 791 de
1045 732 1216 792 refectione

217 837 350 916 Capitoli
383 839 424 898 ad
457 837 712 915 disquisitionem
746 838 857 914 populi
890 836 1025 911 vocavit,
1055 837 1239 913 rogationes

216 945 411 1020 promulgata
430 962 492 1021 qua
513 943 706 1003 curationem
725 962 794 1003 eam
812 942 846 1000 in
865 942 963 1001 alium
987 942 1215 1018 transferebat3

215 1068 320 1108 verum
337 1049 440 1126 impar
459 1048 661 1126 optimatium
681 1048 915 1125 conspirationi,
935 1067 1013 1125 quos
1031 1047 1140 1107 relicto
1157 1054 1217 1107 sta

216 1155 269 1213 tim
288 1173 441 1214 novorum
466 1154 629 1214 consulum
651 1153 751 1212 officio
774 1154 955 1230 frequentes
979 1152 1216 1230 obstinatosque

215 1260 251 1318 ad
282 1260 493 1320 resistendum
525 1258 756 1318 concucurrisse
789 1258 944 1332 cernebat,
979 1257 1059 1317 hanc
1088 1258 1215 1335 quidem

215 1366 365 1425 actionem
380 1365 536 1442 deposuit.
1226 1385 1255 1431 1c

250 1470 399 1531 Ceterum
424 1470 559 1531 Caecilio
585 1470 715 1530 Metello
740 1469 990 1548 tribunoplebis
1014 1468 1216 1529 turbulentis·

215 1576 305 1636 simas
327 1576 412 1652 leges
433 1577 584 1636 adversus
609 1575 799 1651 collegarum
820 1575 1077 1635 intercessionem
1099 1574 1215 1647 ferenti

214 1687 369 1742 auctorem
384 1688 711 1759 propugnatoremque
729 1700 761 1740 se
779 1679 1029 1758 pertinacissime
1043 1679 1213 1758 praestitit,

214 1762 308 1846 donec
321 1787 414 1847 ambo
428 1787 702 1846 administratione
722 1786 767 1845 rei
785 1785 928 1863 publicae
945 1785 1071 1844 decreto
1087 1789 1215 1862 patrum

214 1892 479 1952 submoverentur.
536 1891 583 1951 Ac
607 1892 707 1950 nihilo
730 1891 833 1950 minus
856 1909 1039 1967 permanere
1063 1890 1097 1948 in
1121 1889 1253 1966 magi-15

214 2003 312 2057 stratu
332 1997 430 2057 etius
448 1996 551 2056 dicere
569 2016 673 2072 ansus,
688 2002 725 2056 ut
740 1996 893 2074 comperit
907 2001 1033 2072 paratos
1053 1994 1108 2072 qui
1126 1993 1159 2053 vi
1177 2013 1214 2054 ac

213 2121 265 2179 per
295 2121 385 2162 arma
418 2101 630 2179 prohiberent,
662 2101 801 2160 dimissis
834 2100 997 2160 lictoribus
1030 2099 1213 2176 abiectaque

212 2212 375 2284 praetexta
392 2206 520 2266 domum
535 2207 615 2266 clam
631 2207 750 2283 refugit
766 2225 824 2284 pro
838 2205 1019 2265 condicione
1036 2211 1214 2282 temporum

193 2312 383 2389 aquieturus.
430 2312 671 2372 Multitudinem
692 2331 815 2390 qnoque
837 2312 932 2371 biduo
953 2317 1026 2388 post
1048 2315 1159 2388 sponte
1181 2315 1214 2369 et

212 2417 292 2478 ultro
308 2417 517 2477 confluentem
537 2437 725 2496 operamque
744 2418 803 2476 sibi
821 2417 855 2475 in
868 2417 1041 2476 adserenda
1058 2415 1253 2492 dignitatem

211 2523 435 2583 tumultuosius
450 2522 652 2600 pollicentem
667 2523 856 2600 conpescuit.
900 2522 988 2592 Quod
1004 2540 1074 2580 cnm
1088 2526 1214 2598 praeter
1307 2534 1311 2541 ·

211 2628 390 2706 opinionem
401 2628 567 2703 evenisset,
580 2634 706 2688 senatus
722 2629 761 2686 ob
775 2628 908 2687 eundem
924 2631 1047 2686 coetum
1061 2626 1213 2685 festinato

211 2740 335 2794 coactus
360 2733 477 2810 gratias
502 2733 532 2792 ei
556 2753 612 2810 per
636 2734 789 2810 primores
814 2733 898 2791 viros
927 2732 992 2808 egit
1015 2731 1213 2808 accitumque

210 2838 243 2898 in
257 2839 376 2899 curiam
388 2844 427 2906 et,
434 2838 640 2916 amplissimis
651 2839 755 2898 verbis
772 2838 993 2898 conlaudatum
1007 2836 1041 2895 in
1055 2836 1213 2912 integrum

210 2944 352 3005 restituit
366 2926 495 3003 inducto
509 2944 613 3021 priore
628 2944 761 3003 decreto.
1222 2961 1251 3006 25

149 3056 188 3111 17
251 3049 379 3110 Recidit
406 3068 514 3109 rursus
543 3049 577 3108 in
604 3049 774 3108 discrimen
801 3049 888 3109 aliud
918 3049 1002 3108 inter
1031 3048 1129 3108 socios
1159 3047 1214 3107 Ca-

210 3154 320 3216 tilinae
341 3155 521 3216 nominatus
539 3161 572 3216 et
590 3156 674 3233 apud
695 3156 835 3213 Novium
856 3155 992 3230 Nigrum
1014 3160 1213 3232 quaestorem

209 3281 227 3321 a
248 3260 347 3321 Lucio
368 3260 477 3321 Vettio
499 3260 601 3320 indice
623 3267 655 3321 et
676 3261 709 3319 in
725 3265 836 3320 senatu
856 3279 875 3320 a
895 3260 1012 3330 Quinto
1033 3260 1137 3334 Curio,
1153 3259 1212 3334 cui,

210 3367 293 3444 quod
314 3366 437 3445 primus
453 3366 583 3426 consilia
598 3366 831 3426 coniuratorum
852 3367 1025 3440 detexerat,
1041 3365 1213 3425 constituta

210 3478 300 3533 erant
320 3472 446 3551 publice
468 3471 615 3549 praemia.
658 3472 771 3533 Curius
786 3491 803 3531 e
818 3472 955 3531 Catilina
977 3490 1009 3531 se
1031 3470 1252 3547 cognovissem

210 3578 343 3652 dicebat,
366 3577 493 3638 Vettius
516 3578 611 3637 etiarn
633 3578 876 3654 chirographum
897 3577 964 3636 eius
986 3577 1142 3636 Catilinae
1163 3576 1214 3635 da·

188 3688 279 3744 atum
300 3682 517 3762 pollicebatur.
560 3683 599 3741 Id
621 3702 695 3742 vero
717 3683 831 3743 Caesar
859 3683 946 3743 nullo
968 3683 1059 3743 modo
1081 3681 1214 3751 toleran-
