2678 4140
419 170 531 220 LIBER
554 168 590 220 11.
627 168 740 219 DIVUS
763 168 955 220 AUGUSTUS
1126 158 1189 220 lb'o

189 339 225 402 lis
239 347 349 402 secuta
362 348 411 402 est
425 347 520 419 atque
534 341 655 401 exitum
669 340 886 419 praesagiente
888 384 1001 400 .....
1020 339 1187 418 Philippos

188 447 356 509 Thessalus
378 446 506 524 quidam
528 446 567 506 de
591 446 700 506 futura
722 445 855 506 victoria
876 445 1038 506 nuntiavit
1061 450 1188 506 auctore

184 552 267 612 Divo
281 552 424 628 Caesare,
440 552 527 612 cuius
542 552 603 612 sibi
618 552 737 631 species
752 551 865 612 itinere
879 551 950 611 avio
965 550 1160 611 occurrisset.

160 662 176 707 2
224 658 317 718 Circa
350 657 513 718 Perusiam
550 658 702 717 sacrificio
736 677 800 717 non
833 657 942 717 litanti
976 676 1046 717 cum
1080 655 1188 733 augeri

185 763 305 824 hostias
331 763 518 842 imperasset
541 782 578 823 ac
605 762 709 822 subita
737 763 901 842 eruptione
929 763 1036 822 hostes
1064 780 1212 826 omnemc

186 869 231 929 rei
246 868 374 928 divinae
392 874 580 946 apparatum
601 868 818 944 abstulissent,
836 868 981 929 constitit
997 867 1081 928 inter
1099 867 1189 928 haru-

187 974 287 1052 spices
316 993 396 1051 quae
423 974 599 1052 periculosa
629 979 662 1033 et
691 974 824 1033 adversa
854 973 1045 1034 sacrificanti
1072 973 1188 1032 denun-

187 1079 265 1140 tiata
280 1085 386 1139 essent
400 1085 513 1139 cuncta
530 1079 563 1138 in
581 1079 666 1156 ipsos
686 1098 830 1139 recasura
847 1079 902 1156 qui
923 1083 998 1138 exta
1018 1078 1187 1153 haberent;

187 1204 286 1261 neque
310 1184 403 1244 aliter
427 1184 542 1244 evenit.
584 1184 691 1244 Pridie
716 1204 812 1261 quarn
833 1183 1029 1245 Siciliensem
1050 1202 1188 1263 pugnam
1257 1242 1263 1256 ‚

187 1289 284 1350 classe
305 1289 526 1364 committeret,
548 1289 763 1349 deambulanti
784 1289 817 1349 in
838 1289 931 1349 litore
952 1289 1048 1367 piscis
1070 1307 1087 1348 e
1108 1288 1188 1349 mari
1197 1301 1227 1347 10

186 1394 309 1454 exilivit
330 1395 423 1454 etad
444 1395 540 1472 pedes
564 1394 670 1454 iacuit.
713 1394 808 1472 Apud
834 1394 962 1454 Actium
984 1393 1187 1455 descendenti

186 1499 218 1558 in
244 1499 344 1560 aciem
368 1499 484 1559 asellus
510 1518 581 1559 curn
604 1499 741 1559 asinario
766 1499 918 1559 occurrit:
946 1499 1067 1559 homini
1090 1501 1188 1576 Euty-

186 1605 271 1680 chus,
292 1604 413 1665 bestiae
433 1604 537 1665 Nicon
557 1610 626 1665 erat
646 1623 778 1679 nomen3
799 1605 964 1682 utriusque
985 1604 1186 1665 simulacrum

185 1729 316 1771 aeneum
347 1710 448 1770 victor
482 1710 590 1788 posuit
618 1709 659 1774 in
687 1710 806 1788 templo
833 1709 868 1768 in
898 1710 981 1787 quod
1014 1715 1187 1770 castrorum

186 1834 313 1876 suorum
332 1815 436 1876 locum
456 1815 562 1876 vertit.
781 1829 791 1850 ·
1197 1834 1226 1880 15

118 1919 164 1978 97
224 1923 312 1981 Mors
331 1940 455 1999 quoque
476 1922 553 1998 eius,
568 1922 607 1983 de
628 1942 690 2000 qua
711 1921 825 1982 dehinc
847 1921 959 1997 dicam,
973 1921 1187 1998 divinitasque

187 2031 257 2104 post
291 2032 425 2087 mortem
457 2027 704 2087 evidentissimis
736 2027 870 2087 ostentis
899 2027 1101 2104 praecognita
1128 2033 1185 2086 est.

187 2132 263 2192 Cum
284 2132 420 2191 lustrum
440 2132 474 2191 in
490 2152 600 2210 campo
619 2133 736 2192 Martio
751 2151 864 2208 magna
880 2132 990 2211 populi
1007 2132 1187 2208 frequentia

187 2237 342 2313 conderet,
362 2238 479 2316 aquila>
497 2258 568 2298 eum
596 2239 721 2316 saepius
751 2238 990 2299 circumvolavit
1017 2243 1187 2315 transgres

186 2362 280 2420 saque
301 2343 336 2403 in
354 2343 490 2404 vicinam
511 2346 620 2404 aedem
642 2364 736 2422 super
757 2364 871 2404 nomen
890 2344 1051 2422 Agrippae
1068 2345 1109 2404 ad
1126 2344 1225 2421 pri-au

186 2468 267 2510 mam
295 2449 436 2510 litteram
464 2450 564 2526 sedit;
599 2470 660 2527 qno
688 2450 916 2525 animadverso,
944 2457 1018 2511 vote
1046 2469 1125 2528 quae
1153 2451 1186 2509 in

184 2554 363 2632 proximum
379 2555 516 2615 lustrum
532 2556 651 2634 suscipi
668 2575 735 2616 mos
753 2562 802 2616 est
819 2556 969 2633 collegam
989 2575 1080 2617 suum
1098 2556 1187 2616 Tibe

185 2660 265 2719 rium
290 2679 471 2738 nuncupare
496 2661 606 2721 iussit:
635 2682 708 2722 nam
734 2682 776 2737 se,
798 2682 977 2739 quanquam
1000 2661 1185 2740 conscriptis

184 2765 366 2844 paratisque
389 2765 453 2826 iam
480 2765 607 2841 tabulis,
629 2767 757 2845 negavit
779 2773 999 2845 suscepturum
1019 2786 1099 2844 quae
1123 2786 1186 2826 non

163 2876 267 2931 resset
288 2871 458 2932 soluturus.
502 2870 566 2932 Sub
588 2871 671 2933 idem
693 2879 817 2952 tempus
838 2874 904 2934 ictu
922 2873 1067 2933 fulminis
1087 2852 1126 2932 eri
1142 2872 1224 2933 in-25

184 2975 356 3054 scriptione
383 2981 506 3037 statuae
535 2977 602 3037 eius
628 2979 731 3056 prima
754 2979 890 3038 nominis
914 2978 1023 3039 littera
1047 2978 1185 3053 effluxit3

184 3099 369 3160 responsum
399 3087 449 3142 est
479 3088 605 3143 centum
638 3084 721 3143 solos
753 3085 820 3144 dies
851 3084 983 3163 posthac
1017 3084 1185 3159 victurum,

184 3204 277 3263 quem
300 3205 466 3247 numerum
487 3187 511 3248 C
533 3188 641 3249 littera
664 3196 798 3265 notaret,
820 3191 1025 3268 futurumque
1045 3195 1082 3250 ut
1103 3190 1186 3250 inter

183 3290 258 3353 deos
283 3291 455 3353 referretur
477 3294 561 3370 quod
585 3313 683 3369 aesar,
705 3294 737 3354 id
762 3301 811 3355 est
835 3296 956 3372 reliqua
979 3314 1052 3374 pars
1074 3314 1091 3356 e
1113 3294 1187 3356 an-

184 3396 263 3457 saris
277 3397 413 3474 nomine,
427 3400 561 3459 Etrusca
575 3399 684 3477 lingua
697 3400 774 3462 deus
788 3406 961 3461 vocaretur.
1194 3412 1224 3459 so

159 3514 175 3559 a
224 3501 386 3565 Tiberium
407 3502 505 3580 igitur
525 3504 559 3565 in
580 3505 746 3583 Illyricum
767 3505 953 3565 dimissurus
975 3511 1008 3566 et
1029 3506 1186 3566 Beneven-

183 3612 252 3667 tum
270 3626 371 3685 usque
389 3616 621 3687 prosecuturus,
640 3628 710 3670 cum
728 3611 980 3689 interpellatores
999 3611 1070 3671 aliis
1090 3617 1185 3689 atque
