2678 4146
151 237 169 300 8
217 248 246 299 c.
273 247 428 299 sunrorr
452 247 678 310 'relucenti
702 248 751 298 nn
775 248 865 298 vrrs
889 247 1094 300 onesinum

150 422 226 480 dum
254 421 449 496 existimans,
480 441 550 481 cum
587 422 744 500 inplorato
781 422 940 482 Ciceronis
971 419 1153 481 testimonio

151 527 305 604 quaedam
340 545 373 586 se
408 527 447 586 dc
480 527 693 587 coniuratione
721 527 805 586 ultro
833 527 873 586 ad
902 544 973 586 eum
1002 524 1153 585 detulisse

150 631 318 706 docuisset,
340 651 378 691 ne
402 632 496 692 Curio
518 633 657 710 praemia
677 633 827 692 darentur
848 631 971 706 effecit,
999 631 1153 705 Vettium,

151 736 335 816 pignoribus
351 738 451 816 captis
466 744 499 798 et
513 737 638 816 direpta
657 737 862 816 supellectile,
881 737 962 798 male
982 737 1155 798 mulcatum

128 859 188 904 tac
208 862 266 920 pro
287 843 397 903 rostris
419 843 453 902 in
475 844 619 903 contione
640 863 739 921 paene
760 845 954 923 discerptum
983 843 1096 904 coiecit
1122 842 1155 902 in

153 967 324 1023 carcerem;
345 949 455 1008 eodem
475 951 614 1009 Novium
640 956 846 1027 quaestorem,
868 951 951 1028 quod
973 948 1155 1027 compellari

152 1054 236 1131 apud
252 1072 285 1114 se
299 1053 449 1114 maiorem
463 1061 653 1133 potestatem
668 1075 779 1133 passus
795 1061 886 1116 esset.
1074 1132 1076 1136 μ

193 1162 241 1218 Ex
259 1166 407 1238 praetura
420 1161 601 1221 ulteriorem
624 1162 754 1222 sortitus
777 1162 967 1239 Hispaniam
982 1162 1154 1222 retinentes
1179 1174 1200 1224 Ι

153 1266 322 1326 creditores
342 1265 523 1326 interventu
544 1287 729 1345 sponsorum
749 1268 883 1328 removit
898 1287 934 1328 ac
951 1286 1052 1345 neque
1070 1286 1155 1326 more

115 1383 253 1449 10neque
274 1371 343 1431 iure
367 1378 557 1450 antequam
583 1375 762 1451 provinciae
784 1378 970 1434 ornarentur
994 1373 1155 1452 proiectus

153 1482 217 1537 est:
239 1477 394 1537 incertum
408 1484 535 1538 metune
550 1478 668 1554 iudicii,
684 1480 767 1556 quod
782 1479 907 1557 privato
922 1479 1102 1556 parabatur,
1116 1498 1157 1538 an

152 1601 215 1659 quo
230 1584 383 1643 maturius
400 1584 491 1643 sociis
508 1584 740 1661 inplorantibus
762 1585 961 1659 subveniret3
983 1591 1157 1662 pacataque

153 1688 323 1766 provincia,
339 1689 408 1766 pari
430 1672 643 1765 festinatione,
658 1709 721 1748 non
741 1696 906 1768 expectato
925 1709 1102 1750 successore
1116 1691 1157 1750 ad

152 1794 348 1870 triumphum
384 1794 476 1853 simul
512 1796 768 1872 consulatumque
796 1795 939 1855 decessit.
997 1796 1058 1855 Sed
1087 1807 1179 1855 cuma

115 1913 143 1959 15
152 1899 264 1959 edictis
292 1899 355 1959 iam
385 1900 519 1959 comitiis
545 1901 625 1960 ratio
649 1901 715 1960 eius
743 1901 856 1960 haberi¹
879 1920 943 1960 non
963 1907 1072 1978 posset
1095 1900 1157 1960 nisi

153 2004 296 2081 privatus
325 2006 488 2064 introisset
516 2006 635 2081 urbem,
658 2013 689 2065 et
717 2007 869 2067 ambienti
894 2013 931 2066 ut
955 2006 1078 2082 legibus
1101 2006 1158 2066 sol-

152 2108 279 2169 veretur
302 2110 394 2169 multi
417 2118 524 2170 contra
554 2112 703 2187 dicerent,
727 2119 850 2173 coactus
872 2117 922 2172 est
950 2111 1157 2189 triumphum,

152 2234 191 2274 ne
207 2215 371 2275 consulatu
387 2217 614 2292 excluderetur,
630 2219 798 2278 dimittere.

192 2322 219 2378 E
247 2321 368 2381 duobus
398 2323 577 2382 consulatus
608 2324 874 2400 competitoribus,
897 2323 995 2383 Lucio
1023 2324 1157 2384 Lucceio
1181 2328 1200 2378 ll

114 2427 320 2503 aoMarccque
343 2427 466 2502 Bibulo,
482 2429 649 2487 Lucceium
672 2429 732 2487 sibi
753 2429 908 2504 adiunxit,
928 2434 1039 2507 pactus
1061 2436 1098 2488 ut
1119 2429 1156 2503 is,

152 2532 299 2608 quoniam
320 2532 451 2592 inferior
472 2534 573 2609 gratia
594 2540 677 2593 esset
696 2535 888 2612 pecuniaque
908 2534 1050 2612 polleret,
1070 2554 1157 2593 num-

153 2656 219 2696 mos
234 2638 273 2697 de
288 2657 344 2697 suo
359 2640 515 2698 communi
537 2640 662 2700 nornine
678 2660 734 2718 per
749 2641 905 2700 centurias
925 2640 1154 2718 pronuntiaret.

152 2741 219 2812 Qua
239 2744 363 2820 cognita
377 2764 410 2804 re
425 2745 604 2821 optimates,
620 2766 697 2822 quos
721 2753 821 2805 metus
844 2751 969 2823 ceperat
989 2745 1071 2804 nihil
1092 2765 1156 2806 non

152 2866 300 2908 ausurum
322 2869 391 2908 eum
412 2850 443 2908 in
460 2869 581 2909 summo
603 2852 788 2928 magistratu
811 2851 955 2910 concordi
976 2856 1008 2910 et
1030 2869 1156 2911 consen·

113 2952 251 3013 attiente
273 2954 400 3031 collega,
420 2962 561 3016 auctores
582 2957 695 3016 Bibulo
714 2959 842 3016 fuerunt
860 2956 1047 3016 tantundem
1066 2956 1156 3033 polli-

153 3059 252 3133 cendi,
262 3079 299 3119 ac
310 3061 452 3139 plerique
464 3063 611 3140 pecunias
624 3065 832 3138 contulerunt,
843 3083 883 3122 ne
898 3063 1015 3123 Catone
1027 3061 1156 3139 quidem

152 3163 308 3225 abnuente
323 3185 390 3226 eam
405 3168 603 3244 largitionem
618 3189 634 3229 e
650 3190 682 3229 re
698 3170 823 3247 publica
836 3169 913 3229 fieri.

193 3271 296 3346 Igitur
311 3291 380 3331 cum
396 3275 509 3334 Bibulo
525 3277 631 3335 consul
647 3284 777 3336 creatur.
820 3277 961 3336 Eandem
975 3275 1015 3334 ob
1029 3262 1179 3338 causama

153 3394 248 3453 opera
261 3378 301 3437 ab
315 3380 520 3456 optimatibus
542 3383 617 3442 data
631 3389 679 3442 est
698 3389 734 3441 ut
754 3382 933 3459 provinciae
953 3381 1071 3441 futuris
1088 3400 1157 3441 con-

114 3478 273 3544 acsulibus
302 3477 424 3545 minimi
452 3488 579 3563 negotii,
602 3489 634 3546 id
663 3495 712 3548 est
741 3488 838 3548 silvae
864 3488 1030 3565 callesque,
1053 3488 1157 3548 decer-

153 3594 309 3648 nerentur.
351 3590 419 3660 Qua
430 3593 564 3652 maxime
580 3593 694 3653 iniuria
708 3594 877 3653 instinctus
889 3592 1032 3652 omnibus
1044 3592 1154 3652 officiis

153 3692 296 3758 Gnaeum
328 3695 514 3779 Pompeium
542 3699 720 3762 adsectatus
750 3705 798 3761 est
826 3700 980 3758 offensum
1011 3697 1157 3774 patribus
