2678 4140
362 248 475 299 amna
498 248 534 298 11.
571 248 684 299 rnvus
707 247 900 299 incussus
1093 236 1133 301 97

133 442 187 499 pro
205 422 269 501 ipsi
290 421 444 500 scriptum
464 420 734 483 animadverterit.
779 420 930 492 Quotiens
951 426 1058 481 autem
1078 440 1135 500 per

133 533 219 588 notas
234 527 354 603 scribit,
367 528 394 586 Β
408 546 466 606 pro
481 527 519 602 A,
531 526 555 587 C
571 546 628 604 pro
640 527 666 585 B
680 545 717 586 ac
730 527 878 604 deinceps
894 527 1002 586 eadem
1013 526 1134 586 ratione

133 633 290 710 sequentis
305 632 428 693 litteras
444 632 550 710 ponit3
572 651 630 709 pro
643 633 676 691 X
689 637 795 693 autem
809 631 927 710 duplex
941 631 980 691 A.

78 743 116 794 89
167 741 218 799 Ne
247 739 439 799 Graecarum
466 737 594 814 quidem
622 737 862 816 disciplinarum
885 737 1003 798 leviore
1028 738 1133 798 studio
1251 816 1254 825 Ι

132 844 304 904 tenebatur.
346 844 388 903 In
406 843 520 921 quibus
542 848 575 902 et
592 843 670 921 ipsis
688 843 869 920 praestabat
882 842 1022 920 largiter,
1039 844 1156 921 magi-u

132 955 194 1010 stro
204 949 332 1010 dicendi
345 967 421 1009 usus
437 948 630 1026 Apollodoro
644 949 849 1025 Pergameno,
860 968 954 1027 quem
968 949 1031 1009 iarn
1045 968 1134 1026 gran·

131 1055 199 1116 dem
224 1061 303 1116 natu
328 1054 531 1133 Apolloniam
556 1073 680 1131 quoque
706 1073 811 1114 secum
838 1054 880 1114 ab
905 1055 982 1114 urbe
1009 1055 1132 1114 iuvenis

129 1161 230 1221 adhuc
251 1162 412 1237 eduxerat,
434 1160 548 1220 deinde
570 1159 746 1220 eruditione
767 1159 863 1220 etiam
884 1160 972 1221 varia
993 1159 1132 1238 repletus
1174 1175 1181 1188 ’

131 1286 184 1345 per
206 1266 283 1326 Arei
304 1265 487 1344 philosophi
507 1264 706 1343 filiorumque
729 1265 795 1325 eius
820 1265 956 1344 Dionysi
983 1271 1016 1326 et
1042 1265 1134 1326 Nica»

129 1372 212 1432 noris
238 1370 494 1445 contubemium;
522 1389 586 1430 non
610 1375 717 1430 tamen
743 1376 781 1430 ut
800 1375 856 1431 aut
876 1371 1058 1448 loqueretur
1084 1388 1134 1429 ex·
1142 1386 1171 1432 10

130 1477 234 1554 pedite
258 1480 315 1536 aut
336 1494 521 1553 componere
542 1474 663 1552 aliquid
684 1451 832 1550 auderet}
852 1495 927 1535 nam
947 1481 980 1536 et
1004 1476 1031 1535 si
1056 1474 1132 1552 quid

130 1601 176 1642 res
192 1581 342 1658 exigeret,
363 1580 477 1640 Latine
498 1580 657 1640 formabat
677 1580 926 1658 vertendumque
946 1580 1003 1641 alii
1027 1580 1130 1641 dabat.

131 1687 189 1747 Sed
204 1688 298 1765 plane
312 1691 494 1764 poematum
508 1705 631 1763 quoque
645 1705 709 1745 non
727 1685 903 1764 imperitus,
917 1684 1133 1746 delectabatur

131 1793 233 1856 etiam¹
253 1791 413 1852 comoedia
440 1792 540 1851 veteri
568 1798 601 1852 et
628 1811 721 1870 saepe
745 1811 814 1852 eam
842 1791 987 1851 exhibuit
1014 1796 1133 1869 specta

109 1899 206 1958 aculis
221 1897 366 1975 publicis.
409 1897 450 1956 In
464 1896 645 1956 evolvendis
667 1896 832 1973 utriusque
854 1897 979 1973 linguae
1000 1897 1169 1957 auctori-15

130 2003 185 2063 bus
209 2002 291 2062 nihil
312 2020 411 2080 aeque
432 2003 611 2062 sectabatur
631 2021 725 2079 quarn
746 2007 915 2080 praecepta
935 2007 968 2062 et
988 2001 1132 2079 exempla

131 2109 253 2186 publice
284 2107 335 2168 vel
363 2107 515 2185 privatim
550 2107 696 2190 salubria,
725 2126 823 2184 eaque
856 2108 896 2167 ad
924 2107 1055 2167 verbum
1083 2126 1133 2167 ex-

131 2219 237 2292 cerpta
262 2219 319 2273 aut
346 2213 387 2272 ad
414 2212 602 2273 domesticos
636 2218 692 2272 aut
719 2213 758 2272 ad
787 2212 981 2273 exercituum
1008 2212 1132 2290 provin-

131 2319 309 2397 ciarumque
323 2323 460 2379 rectores
481 2324 537 2378 aut
556 2318 596 2377 ad
614 2318 701 2378 urbis
723 2319 926 2395 magistratus
945 2320 1131 2396 plerumque

131 2424 286 2500 mittebat,
313 2428 409 2502 prout
435 2423 552 2501 quique
582 2423 753 2483 monitione
781 2423 968 2500 indigerent.
1023 2424 1169 2484 Etiamne

131 2529 225 2589 libros
254 2535 337 2590 totos
365 2533 398 2588 et
426 2528 551 2588 senatui
579 2528 726 2589 recitavit
753 2535 785 2589 et
812 2529 929 2606 populo
955 2534 1047 2590 notos
1074 2548 1131 2607 per

131 2635 267 2695 edictum
289 2652 382 2712 saepe
403 2633 490 2708 fecit,
507 2639 544 2692 ut
565 2633 720 2694 orationes
742 2633 777 2705 Q.
800 2634 925 2693 Metelli
943 2635 989 2693 de
1010 2635 1131 2695 Prole
1158 2659 1160 2663 ·

130 2734 322 2816 Augenda
346 2744 379 2799 et
402 2739 505 2798 Rutili
526 2738 572 2797 de
594 2738 1046 2815 Modo'Aedif'iciorum,
1069 2758 1131 2816 quo

130 2845 227 2922 magis
249 2844 453 2922 persuaderet
476 2849 643 2920 utramque
667 2861 734 2902 rem
757 2864 820 2903 non
844 2863 863 2904 a
888 2863 920 2904 se
941 2844 1044 2923 primo
1067 2845 1132 2904 ani-

127 2950 333 3025 madversam,
349 2950 404 3009 sed
417 2949 557 3026 antiquis
572 2948 636 3009 iam
649 2954 724 3008 tnnc
739 2968 830 3009 curae
844 2949 951 3011 fuisse.
1139 2967 1168 3013 25

106 3069 121 3115 3
168 3054 301 3130 Ingenia
321 3053 439 3114 saeculi
460 3055 509 3113 sui
530 3053 674 3112 omnibus
698 3054 798 3113 modis
820 3054 910 3114 fovit.
953 3055 1130 3116 Recitantis

129 3165 162 3221 et
181 3159 314 3236 benigne
339 3165 373 3220 et
396 3159 554 3237 patienter
577 3158 689 3234 audiit,
710 3178 767 3218 nec
792 3164 916 3219 tantum
940 3161 1078 3221 carmina
1098 3167 1131 3221 et

128 3260 286 3340 historias,
301 3265 356 3324 sed
376 3269 408 3324 et
429 3264 585 3323 orationes
606 3269 639 3323 et
660 3263 808 3339 dialogos.
851 3264 1004 3342 Componi
1024 3271 1130 3326 tamen

128 3369 249 3446 aliquid
269 3371 309 3429 de
330 3389 363 3429 se
384 3369 445 3430 nisi
468 3375 500 3429 et
521 3369 602 3428 serio
617 3375 649 3428 et
661 3388 681 3429 a
695 3369 976 3446 praestantissimis
997 3370 1132 3431 offende-

127 3474 230 3550 batur,
257 3474 507 3551 admonebatque
541 3479 701 3553 praetores
733 3493 772 3533 ne
800 3480 984 3552 paterentur
1017 3491 1169 3536 nomena)

129 3599 220 3640 suum
235 3579 505 3639 commissionibus
520 3578 702 3639 obsolefieri.
1016 3585 1020 3589 ’

70 3700 106 3752 oo
169 3683 259 3745 Circa
273 3684 439 3762 religiones
455 3684 551 3745 talem
568 3684 753 3762 accepimus.
786 3685 939 3745 Tonitrua
955 3691 988 3746 et
1004 3686 1131 3764 fulgura
