2678 4146
157 238 198 301 34
239 248 268 299 o.
296 247 451 299 suarem
474 247 701 310 rnsrournnr
724 247 774 296 ns
798 247 888 297 vrrs
911 246 1117 299 onnssnun

156 444 249 502 opere
277 423 454 483 tolerabant
482 429 518 482 ut
545 423 743 499 Dyrrachina
773 422 947 481 munitione
977 423 1160 500 Pompeius,

156 532 224 591 viso
252 550 364 608 genere
397 531 488 608 panis
517 550 555 589 ex
582 530 680 589 herba
708 549 769 605 quo
798 529 1044 604 sustinebantur,
1074 548 1160 589 cum

156 637 260 696 feris
289 636 368 695 sibi
398 656 477 695 rem
505 655 593 695 esse
621 635 738 694 dixerit
764 635 964 712 amoverique
992 635 1079 694 ocius
1101 655 1161 695 nec

156 742 301 820 cuiquam
315 742 440 801 ostendi
454 741 582 800 iusserit
600 760 639 800 ne
654 741 809 818 patientia
822 746 855 799 et
869 740 1043 818 pertinacia
1056 741 1159 800 hostis

130 848 252 908 oanimi
267 866 394 906 suorum
409 847 637 922 frangerentur.

194 956 319 1026 Quanta
349 954 537 1014 fortitudine
570 954 751 1013 dimicarint
781 954 963 1014 testimonio
990 960 1040 1015 est
1074 956 1183 1033 quoda

154 1061 286 1120 adverso
315 1060 411 1119 semel
439 1060 523 1136 apud
558 1060 769 1138 Dyrrachium
803 1060 922 1137 proelio
957 1079 1091 1138 poenam
1125 1061 1159 1119 in

155 1186 188 1226 se
212 1167 296 1225 ultro
324 1166 584 1243 depoposcerunt,
607 1171 644 1225 ut
668 1164 872 1224 consolandos
895 1184 947 1225 eos
976 1167 1076 1242 magis
1104 1167 1160 1224 irn-

154 1278 280 1350 perator
301 1291 395 1348 quam
416 1270 591 1347 puniendos
612 1270 765 1329 habuerit.
787 1245 793 1257 Ι
816 1271 936 1330 Ceteris
964 1271 1093 1348 proeliis
1115 1272 1159 1330 in-

116 1394 298 1438 renumeras
321 1376 571 1436 adversariorum
593 1375 697 1454 copias
712 1375 822 1435 multis
844 1376 987 1453 partibus
1008 1376 1071 1454 ipsi
1086 1396 1159 1455 pau·

154 1483 252 1542 ciores
274 1482 368 1541 facile
390 1486 586 1558 superarunt.
642 1480 786 1557 Denique
807 1501 869 1541 una
891 1487 997 1542 sextae
1025 1482 1157 1558 legionis

155 1588 263 1647 cohors
299 1586 478 1664 praeposita
514 1585 643 1645 castello
677 1591 826 1662 quattuor
853 1586 985 1665 Pompei
1018 1587 1157 1663 legiones

153 1712 211 1770 per
230 1692 353 1769 aliquot
372 1691 464 1750 horas
487 1691 640 1750 sustinuit
661 1710 760 1768 paene
788 1691 889 1751 omnis
913 1691 1034 1752 confixa
1054 1692 1159 1752 multi-

154 1798 263 1858 tudine
277 1797 442 1856 hostilium
457 1797 654 1872 sagittarum,
672 1815 804 1873 quarum
825 1802 951 1856 centum
969 1816 1006 1857 ac
1026 1797 1159 1874 triginta

116 1919 144 1963 15
154 1904 242 1963 milia
263 1903 347 1962 intra
368 1902 488 1962 vallum
514 1907 639 1979 reperta
662 1907 744 1961 sunt.
795 1903 864 1961 Nec
887 1903 1011 1978 mirum,
1037 1903 1065 1963 si
1087 1903 1181 1980 quise

154 2009 349 2085 singulorum
378 2008 463 2066 facta
485 2007 643 2084 respiciat,
665 2006 715 2066 vel
746 2007 836 2067 Cassi
864 2008 998 2068 Scaevae
1026 2008 1160 2068 centuri-

154 2115 222 2174 onis
250 2114 300 2173 vel
337 2113 397 2173 Gai
432 2112 515 2171 Acili
551 2112 672 2187 militie,
700 2131 739 2171 ne
774 2112 813 2172 de
841 2113 984 2190 pluribus
1012 2113 1157 2173 referam.

155 2221 271 2280 Scaeva
306 2237 436 2278 excusso
471 2217 569 2292 oculo,
614 2218 784 2277 transfixus
820 2217 939 2277 femore
973 2223 1006 2278 et
1040 2237 1157 2293 umere,

154 2331 279 2385 centum
308 2330 340 2383 et
368 2323 482 2398 viginti
510 2322 624 2381 ictibus
660 2328 749 2381 scuto
777 2323 948 2400 perforato,
983 2324 1158 2384 custodiam

114 2438 262 2508 aeportae
292 2429 449 2489 commissi
479 2428 600 2487 castelli
630 2428 771 2486 retinuit.
828 2428 950 2488 Acilius
984 2429 1090 2489 navali
1117 2429 1158 2489 ad

152 2536 329 2596 Massiliam
344 2534 464 2612 proelio
481 2533 597 2592 iniecta
611 2533 643 2591 in
662 2552 801 2610 puppem
819 2533 958 2592 hostium
976 2534 1108 2594 dextera
1126 2539 1159 2594 et

152 2641 283 2716 abscisa,
306 2639 506 2700 memorabile
528 2639 608 2697 illud
629 2639 714 2715 apud
735 2639 870 2697 Graecos
890 2639 1040 2717 Cynegiri
1057 2658 1159 2699 exem-

152 2747 242 2824 plum
256 2746 409 2820 imitatus,
424 2744 586 2803 transiluit
601 2743 633 2800 in
648 2763 761 2802 navem
779 2744 914 2803 umbone
929 2743 1037 2803 obvios
1052 2763 1156 2820 agens.
1183 2775 1188 2783 ·

194 2852 386 2912 Seditionem
415 2869 471 2927 per
499 2850 607 2908 decem
629 2868 727 2908 annos
757 2849 888 2908 Gallicis
916 2848 1008 2908 bellis
1037 2849 1158 2910 nullam
1180 2863 1216 2914 es

114 2958 279 3019 momnino
301 2960 475 3029 moverunt,
498 2954 643 3013 civilibus
664 2954 796 3030 aliquas,
819 2955 873 3013 sed
894 2960 931 3015 ut
953 2954 1096 3015 celeriter
1116 2956 1158 3016 ad

153 3062 289 3122 officium
324 3061 485 3135 redierint,
517 3078 574 3118 nec
606 3065 671 3118 tam
707 3058 904 3135 indulgentia
939 3059 1027 3119 ducis
1062 3079 1157 3138 quam

153 3168 349 3228 auctoritate.
402 3168 475 3225 Non
496 3165 579 3224 enim
603 3164 697 3223 cessit
718 3184 868 3242 umquam
890 3165 1157 3226 tumultuantibus

153 3280 247 3350 atque
270 3273 366 3332 etiam
392 3272 516 3331 obviam
540 3289 663 3346 semper
686 3269 742 3343 iit;
773 3276 805 3329 et
828 3290 942 3330 nonam
967 3271 1095 3348 quidem
1117 3271 1159 3332 le-

153 3379 277 3456 gionem
304 3378 389 3455 apud
416 3376 621 3450 Placentiam,
650 3395 829 3452 quanquam
863 3376 897 3434 in
931 3376 1026 3436 armis
1054 3377 1158 3437 adhuc

115 3484 323 3562 suPompeius
352 3488 444 3557 esset,
474 3488 573 3541 totam
609 3501 679 3540 cum
715 3481 887 3557 ignominia
917 3481 1046 3540 missam
1079 3482 1158 3542 fecit

153 3607 306 3665 aegreque
342 3594 415 3665 post
449 3587 564 3646 multas
601 3592 633 3645 et
670 3586 822 3663 supplicis
850 3605 968 3663 preces,
1002 3605 1060 3647 nec
1094 3586 1158 3647 nisi

154 3700 263 3756 exacta
284 3693 323 3752 de
346 3692 488 3752 sontibus
511 3710 620 3768 poena,
643 3690 793 3749 restituit.
