2678 4140
388 249 559 301 11111111.
596 247 710 299 mvus
734 245 925 298 aucusrus
1052 302 1055 307 ,
1118 236 1159 299 89

156 422 284 482 aedibus
306 421 438 481 modicis
467 419 691 481 Hortensianis
716 425 748 479 et
775 438 877 496 neque
900 417 1033 479 laxitate
1056 435 1158 497 noque

156 528 243 587 cultu
262 526 449 605 conspicuis,
464 532 500 585 ut
514 526 548 584 in
562 525 676 602 quibus
691 524 831 604 porticus
849 522 959 584 breves
979 530 1085 584 essent
1105 523 1160 583 Al-

151 630 306 693 banarum
328 631 543 691 columnarum
564 635 597 690 et
617 629 685 690 sine
706 647 861 689 marmore
881 628 946 688 ullo
964 633 1021 688 aut
1040 628 1158 705 insigni
1174 639 1182 657 ⁸

150 737 337 816 pavimento
358 735 525 796 conclavia.
564 735 613 795 Ac
623 754 680 813 per
690 753 788 794 annos
802 732 938 812 amplius
950 733 1158 811 quadraginta

150 844 265 904 eodem
282 842 424 903 cubiculo
444 842 547 902 hieme
562 847 594 902 et
613 845 733 901 aestate
748 839 873 916 mansit,
888 840 1031 918 quamvis
1047 852 1181 918 parumn

151 948 313 1010 salubrem
335 947 520 1008 'valitudini
560 965 635 1007 suae
675 944 785 1005 urbem
825 946 928 1006 hieme
962 944 1159 1024 experiretur

120 1053 342 1132 aassidueque
363 1053 397 1112 in
417 1051 494 1112 urbe
521 1052 684 1112 hiemaret.
728 1050 909 1128 Siquando
937 1050 1014 1128 quid
1039 1055 1158 1110 secreto

152 1165 210 1220 aut
224 1159 292 1219 sine
307 1158 562 1236 interpellatione
575 1177 667 1234 agere
682 1157 906 1235 proposuisset,
922 1162 990 1216 erat
1008 1156 1057 1215 illi
1071 1155 1158 1215 locus

154 1265 188 1325 in
220 1266 308 1327 edito
340 1266 508 1343 singularis
544 1285 636 1343 quem
673 1266 842 1343 Syracusas
878 1269 910 1323 et
944 1263 1158 1342 technyphion

155 1370 305 1432 vocabat:
326 1371 388 1431 huc
402 1371 558 1431 transibat
572 1376 628 1430 aut
642 1370 675 1429 in
691 1370 824 1430 alicuius
845 1369 1031 1429 libertorum
1052 1367 1198 1428 subur-10

154 1475 290 1554 banum;
310 1496 403 1554 aeger
416 1482 523 1538 autem
543 1477 578 1535 in
598 1477 690 1536 domo
711 1474 903 1537 Maecenatis
926 1473 1067 1535 cubabat.
1109 1474 1158 1532 Ex

157 1582 329 1643 secessibus
351 1582 519 1660 praecipue
547 1581 764 1659 frequentavit
791 1579 950 1640 maritima
977 1578 1159 1657 insulasque

158 1687 347 1767 Campaniae
367 1693 423 1748 ant
444 1688 588 1766 proxima
608 1687 680 1746 urbi
707 1686 833 1764 oppida,
855 1685 1044 1762 Lanuvium,
1068 1685 1160 1746 Prae

157 1799 254 1869 neste,
276 1793 384 1869 Tibur,
405 1792 460 1852 ubi
488 1793 584 1853 etiam
611 1793 646 1851 in
673 1791 845 1871 porticibus
870 1789 1019 1851 Herculis
1047 1791 1160 1869 templi

135 1893 307 1977 a'persaepe
328 1898 378 1959 ius
399 1897 490 1958 dixit.
533 1898 650 1975 Ampla
672 1903 705 1956 et
725 1915 855 1973 operosa
876 1895 1034 1974 praetoria
1054 1910 1197 1972 gravaro
1305 1951 1306 1955 ,

158 2002 257 2063 batur.
299 2004 343 2063 Et
369 2003 475 2081 neptis
503 1998 631 2080 quidem
659 2021 733 2062 suae
761 2001 871 2077 Iuliae,
900 2001 1029 2079 profuse
1056 2000 1096 2060 ab
1124 2019 1160 2061 ea

160 2114 310 2185 extructa,
322 2109 418 2169 etiam
429 2108 528 2168 diruit
541 2109 582 2168 ad
597 2107 708 2183 solum,
720 2126 776 2167 sua
790 2126 864 2166 vero
879 2106 1023 2184 quamvis
1038 2105 1160 2167 modica

159 2233 219 2273 non
234 2219 299 2274 tam
314 2219 490 2273 statuarum
504 2213 743 2290 tabularumque
757 2212 912 2289 pictarum
933 2216 1045 2271 ornatu
1065 2231 1160 2288 quam

159 2318 260 2397 xystis
275 2324 308 2378 11
321 2317 499 2378 nemoribus
518 2317 656 2377 excoluit
673 2317 828 2394 rebusque
850 2322 1009 2377 vetustate
1030 2336 1066 2376 ac
1086 2316 1161 2375 rari-

160 2429 223 2484 tate
236 2422 439 2498 notabilibus,
450 2423 557 2500 qualia
570 2427 645 2482 sunt
659 2420 788 2500 Capreis
800 2421 984 2481 immanium
997 2421 1160 2481 beluarum
1169 2436 1198 2482 ao

159 2529 358 2605 ferarumque
380 2528 519 2588 membra
539 2526 755 2606 praegrandia,
778 2545 857 2603 quae
884 2526 1033 2586 dicuntur
1057 2527 1162 2602 gigan-

160 2637 226 2692 tum
240 2652 320 2708 ossa,
335 2638 367 2694 et
380 2652 468 2693 arma
481 2633 619 2693 heroum.

110 2739 139 2791 73
197 2738 407 2799 Instrumenti
428 2738 495 2799 eins
516 2744 549 2798 et
573 2738 780 2816 supellectilis
809 2737 1001 2815 parsimonia
1027 2742 1160 2816 apparet

160 2843 254 2904 etiam
274 2862 357 2904 nunc
378 2844 512 2905 residuis
533 2844 628 2907 lectis.
645 2849 741 2922 atque
763 2843 888 2919 mensis,
908 2863 1042 2920 quornm
1063 2843 1161 2921 plera·

159 2968 218 3026 qne
239 2948 294 3008 vix
321 2948 464 3027 privatae
483 2949 659 3026 elegantiae
681 2949 753 3008 sint.
796 2950 846 3007 Ne
867 2954 935 3008 toro
957 2949 1085 3025 quidem
1113 2963 1199 3008 cu-ro
1319 2951 1322 2956 ’

158 3053 262 3115 buisss
276 3055 367 3115 aiunt
382 3055 446 3115 nisi
461 3055 576 3115 humili
597 3059 629 3114 et
651 3055 772 3114 modice
793 3055 937 3114 instrato.
979 3054 1077 3114 Veste
1097 3062 1160 3113 n'on

159 3159 352 3238 temerossalia
366 3179 461 3238 quam
475 3160 647 3220 domestica
661 3178 736 3219 usus
752 3163 809 3234 est,
824 3158 864 3219 ab
885 3177 990 3218 sorore
1011 3165 1043 3218 et
1063 3178 1160 3218 uxore

159 3270 192 3326 et
216 3265 284 3326 filia
315 3267 526 3344 neptibusque
558 3266 718 3340 confecte3
753 3265 835 3341 togis
869 3284 971 3342 neque
1005 3264 1160 3324 restrictis
1251 3251 1254 3256 ’

159 3389 259 3448 neque
287 3371 377 3447 fusis,
407 3372 495 3433 clavo
523 3372 592 3432 nec‘
607 3371 672 3431 lato
700 3389 757 3431 nec
779 3375 922 3448 angusto,
947 3369 1160 3430 calciamentis

159 3475 334 3537 altiusculis
353 3482 390 3538 ut
409 3477 566 3556 procerior
584 3496 679 3555 quam
697 3482 766 3537 erat
784 3477 953 3537 videretur.
996 3477 1040 3535 Et
1060 3475 1199 3535 feren-30

161 3581 207 3641 sia
224 3588 329 3643 autem
349 3587 381 3642 et
401 3583 519 3643 calceos
538 3601 710 3660 numquam
727 3601 790 3641 non
811 3583 894 3642 intra
913 3580 1091 3641 cubiculum
1109 3580 1161 3640 ha

160 3684 229 3745 buit
241 3687 282 3746 ad
297 3686 417 3748 subitos
432 3688 675 3766 repentinosque
692 3705 781 3746 casus
796 3692 915 3765 parata.
