2678 4140
150 192 192 257 36
233 202 263 256 0.
290 202 452 256 sussum*
468 202 695 267 TRANQUILLI
718 204 767 256 Du
792 204 879 256 VITA
903 204 1107 257 CAESARUM

150 377 308 439 ciliatione
329 394 387 455 per
405 375 522 436 amicos
542 375 650 453 agenti
667 376 752 436 ultro
765 395 802 437 ac
815 376 901 455 prior
915 376 1051 455 scripsit.
1093 377 1153 438 Va·

150 483 264 544 lorium
297 482 467 557 Catullum,
495 501 514 542 a
542 500 604 559 quo
639 481 701 541 sibi
733 481 897 542 versiculis
924 482 964 542 de
990 484 1153 543 Mamurra

151 594 304 668 perpetua
331 588 481 664 stigmata
511 588 661 666 imposita
691 607 755 648 non
781 589 1046 664 dissimulaverat,
1074 589 1153 649 satis

151 695 320 755 facientem
341 694 450 754 eadem
471 693 522 753 die
543 693 689 754 adhibuit
711 713 804 754 cenae
827 694 1028 772 hospitioque
1052 693 1153 772 patris

11 802 18 825 ¹
127 800 228 875 seius,
244 800 326 860 sicut
339 805 512 875 consuerat,
527 800 576 859 uti
590 800 812 878 perseveravit.

193 907 254 966 Sed
272 911 305 965 et
322 905 356 962 in
377 904 557 964 ulciscendo
578 911 692 966 natura
712 906 892 966 lenissimus
913 906 1033 984 piratas
1051 925 1071 966 a
1089 905 1156 984 qui-
1175 915 1199 966 7⁴.

152 1012 210 1072 bus
239 1015 349 1088 captus
374 1015 423 1070 est
450 1029 521 1069 cum
548 1010 582 1069 in
610 1011 765 1070 dicionem
796 1011 977 1088 redegisset,
1005 1011 1155 1088 quoniam

154 1116 337 1177 suffixurum
359 1133 392 1175 se
414 1115 498 1175 cruci
522 1121 595 1176 ante
620 1116 787 1191 iuraverat,
816 1116 951 1193 iugulari
978 1116 1067 1194 prius
1095 1117 1156 1176 ius

153 1223 205 1297 sit,
230 1222 343 1281 deinde
371 1221 491 1298 suffigi,
519 1221 664 1281 Cornelio
690 1221 854 1298 Phagitae,
881 1221 969 1281 euius
997 1222 1156 1299 quondam

95 1343 144 1389 *10
152 1332 322 1387 nocturnas
347 1327 478 1386 insidias
502 1346 595 1404 aeger
619 1346 655 1386 ac
680 1326 781 1386 latens
806 1345 846 1386 ne
870 1327 1095 1409 perduceretur
1114 1327 1156 1387 ad

155 1433 275 1493 Sullam
305 1432 359 1492 vix
390 1432 529 1510 praemio
560 1432 635 1492 dato
664 1437 815 1507 evaserat,
842 1451 1016 1509 numquam
1045 1451 1156 1493 nocere

155 1537 323 1613 sustinuit,
344 1537 561 1597 Philemonem
578 1557 597 1597 a
615 1556 709 1597 manu
729 1557 854 1597 servum
871 1537 927 1615 qui
943 1556 1053 1598 necem
1068 1557 1158 1597 suam

154 1662 211 1721 per
240 1662 395 1702 venenum
423 1643 559 1702 inimicis
591 1643 778 1720 promiserat
810 1662 873 1702 non
904 1643 1032 1719 gravius
1062 1662 1157 1721 quam

156 1748 293 1826 simplici
315 1753 415 1808 morte
438 1748 561 1826 puniit,
589 1749 622 1806 in
643 1748 792 1807 Publium
813 1748 967 1823 Clodium,
988 1749 1180 1826 Pompeiaet

118 1863 147 1908 15
154 1853 261 1912 uxoris
277 1872 350 1912 suae
364 1853 544 1912 adulterum
557 1858 653 1930 atque
670 1854 779 1913 eadem
797 1853 837 1912 de
856 1872 949 1914 causa
965 1853 1158 1932 pollutarum

156 1958 414 2019 caerimoniarum
434 1978 530 2033 reum,
549 1958 640 2018 testis
659 1959 773 2018 citatus
792 1958 922 2035 negavit
940 1977 974 2018 se
990 1957 1159 2036 quicquam

157 2063 354 2140 comperisse,
383 2063 527 2139 quamvis
554 2069 587 2122 et
614 2069 714 2123 mater
742 2063 871 2123 Aurelia
898 2068 931 2123 et
960 2082 1047 2122 soror
1076 2063 1160 2122 Iulia

156 2168 241 2246 apud
265 2169 390 2227 eosdem
416 2168 534 2227 iudices
557 2169 661 2228 omnia
682 2188 720 2228 ex
741 2169 803 2228 fide
826 2169 1042 2244 rettulissent;
1067 2169 1160 2229 inter-

158 2278 347 2350 rogatusque
372 2292 426 2332 cur
450 2273 548 2350 igitur
573 2274 771 2352 repudiasset
794 2293 933 2349 uxorem,
957 2273 1159 2348 Quoniam,

119 2378 271 2455 nmquis,
310 2397 412 2437 meos
453 2384 533 2438 tam
572 2379 802 2456 suspicione
842 2398 954 2456 quam
995 2378 1160 2438 crimine

158 2483 291 2542 iudico
312 2501 445 2542 carere
466 2489 659 2561 oportere.

199 2588 448 2648 Moderationem
462 2608 536 2648 vero
551 2589 810 2667 clementiamque
827 2609 897 2649 cum
914 2590 948 2648 in
964 2591 1162 2651 administra-
1181 2600 1197 2651 7

160 2693 245 2754 tione
259 2699 327 2753 tum
342 2693 376 2751 in
393 2693 527 2752 victoria
547 2693 623 2752 belli
645 2694 747 2753 civilis
769 2694 987 2754 admirabilem
1008 2695 1160 2756 exhibuit.

159 2798 374 2858 Denuntiante
393 2799 544 2876 Pompeio
562 2818 620 2877 pro
638 2799 782 2858 hostibus
797 2818 829 2858 se
848 2799 1031 2859 habiturum
1046 2801 1102 2878 qui
1116 2800 1162 2860 rei

120 2903 303 2982 stpublicae
324 2903 510 2979 defuissent,
528 2904 596 2981 ipse
616 2904 734 2962 medios
758 2910 790 2963 et
809 2904 952 2964 neutrius
973 2905 1073 2983 partis
1097 2924 1164 2965 suo-

160 3029 230 3068 rum
255 3009 315 3069 sibi
338 3028 468 3068 numero
493 3009 616 3068 futuros
645 3009 870 3087 pronuntiavit.
913 3010 1032 3080 Quibus
1056 3017 1163 3072 autem

160 3134 199 3175 ex
221 3115 488 3176 commendatione
509 3115 641 3192 Pompei
662 3114 786 3174 ordines
811 3114 950 3190 dederat,
972 3120 1163 3193 potestatem

161 3221 346 3282 transeundi
359 3222 400 3281 ad
414 3241 486 3281 eum
505 3221 649 3280 omnibus
671 3220 756 3280 fecit.
798 3219 897 3280 Motis
917 3221 1002 3298 apud
1024 3221 1187 3281 nerdamr

161 3327 331 3389 deditionis
364 3328 607 3402 condicionibus
635 3347 715 3402 cum,
742 3326 869 3385 assiduo
900 3325 984 3385 inter
1013 3331 1163 3404 utrasque

123 3439 268 3512 sopartes
292 3453 353 3494 usu
376 3440 472 3510 atque
497 3433 690 3507 commerci0,
713 3432 864 3492 Afranius
889 3437 922 3491 et
945 3432 1090 3492 Petreius
1114 3432 1165 3492 de-

163 3539 332 3618 prehensos
354 3539 438 3599 intra
459 3545 561 3599 castra
582 3539 722 3598 Iulianos
743 3538 847 3599 subita
864 3538 1058 3615 paenitentia
1072 3539 1166 3598 inter-

163 3644 323 3720 fecissent,
334 3644 503 3704 admissam
517 3645 551 3704 m
566 3664 598 3704 se
613 3643 776 3723 perfidiam
791 3664 853 3703 non
868 3644 1019 3704 sustinuit
1036 3644 1163 3706 imitari.
