2678 4140
160 216 203 281 64
243 227 274 278 c.
299 227 455 280 susrorr
478 229 706 292 ruaroumm
728 230 777 281 os
800 230 891 283 va
915 230 1118 285 cassanum

187 401 303 462 'Aedes
333 420 436 462 sacras
464 407 623 463 vetustate
659 403 821 481 conlapsas
849 409 905 464 aut
932 405 1077 465 incendio
1112 405 1186 466 aba

159 514 302 586 sumptas
328 507 440 567 refecit
462 526 576 585 easque
601 515 633 568 et
656 513 775 569 ceteras
796 508 1045 586 opulentissimis
1068 510 1162 574 donis

105 638 109 644 ·
157 613 333 688 adornavit,
347 619 384 673 ut
398 613 453 690 qui
467 613 501 672 in
516 613 627 674 cellam
642 613 814 692 Capitolini
828 614 914 674 Iovis
926 615 1061 674 sedecim
1072 616 1163 676 milia

157 718 261 796 pondo
275 720 344 780 auri
359 738 560 796 gemmasque
573 738 610 779 ao
631 719 817 796 margaritas
836 719 1034 797 quingenties
1049 727 1163 782 sester-

133 824 237 885 ttium
252 844 315 885 una
329 824 498 885 donatione
513 825 690 885 contulerit.

196 931 371 1007 Postquam
382 949 456 990 vero
465 930 683 1007 pontificatum
695 931 876 1007 maximum,
887 950 981 1009 quem
987 951 1162 1011 numquam
1185 942 1196 992 t

156 1035 230 1095 vivo
245 1036 366 1114 Lepido
379 1036 504 1096 auferre
518 1036 721 1110 sustinuerat,
736 1043 859 1096 mortuo
873 1037 999 1097 demum
1011 1039 1161 1116 suscepit,

156 1141 311 1218 quidquid
327 1141 530 1201 fatidicorum
543 1140 695 1200 librorum
715 1141 828 1201 Graeci
847 1141 1016 1220 Latinique
1036 1144 1160 1219 generis

155 1247 252 1306 nullis
280 1247 331 1306 vel
359 1265 472 1325 parum
503 1246 624 1305 idoneis
652 1247 831 1306 auctoribus
867 1247 961 1324 vulgo
989 1248 1160 1324 ferebatur,

117 1364 146 1410 10
156 1369 251 1429 supra
266 1352 329 1410 duo
350 1351 438 1411 milia
457 1356 617 1412 contracta
637 1352 785 1429 undique,
801 1353 953 1412 cremavit
966 1371 1003 1413 ac
1018 1353 1101 1413 solos
1116 1373 1162 1414 re

155 1457 253 1516 tinuit
277 1456 458 1534 Sibyllinos,
484 1457 540 1516 hos
562 1476 686 1534 quoque
708 1457 826 1517 dilectu
848 1457 975 1533 habito;
1007 1459 1161 1519 condidit-

155 1581 216 1640 que
235 1563 356 1622 duobus
380 1562 492 1621 forulis
515 1563 634 1622 auratis
657 1562 715 1621 sub
736 1563 876 1622 Palatini
897 1563 1057 1641 Apollinis
1080 1564 1158 1625 basi

155 1668 318 1728 Annuma
337 1668 421 1726 Divo
442 1667 525 1726 Iulio
546 1668 735 1742 ordinatum,
752 1668 806 1727 sed
826 1673 937 1746 postea
957 1669 1182 1746 neglegentias

155 1774 376 1834 conturbatum
389 1778 485 1849 atque
504 1774 679 1848 confusum,
695 1792 802 1832 rursus
823 1774 864 1833 ad
881 1774 1050 1852 pristinam
1064 1775 1158 1836 ratio·

117 1892 145 1937 15
153 1898 226 1939 nem
241 1879 380 1954 redegit3
402 1879 435 1936 in
444 1878 531 1937 cuius
543 1878 740 1938 ordinatione
755 1878 907 1938 Sextilem
918 1897 1084 1940 menseme
1101 1899 1158 1941 suo

154 1984 337 2060 cognomine
347 1984 542 2061 nuncupavit
557 1983 656 2059 magis
671 2003 765 2060 quam
781 1983 997 2061 Septembrem
1012 2004 1074 2062 quo
1088 1991 1158 2047 erat

153 2096 256 2165 natus,
282 2090 365 2166 quod
389 2090 448 2148 hoc
473 2089 533 2147 sibi
555 2096 587 2147 et
609 2089 730 2165 primus
756 2089 935 2149 consulatus
959 2096 991 2150 et
1016 2090 1156 2167 insignes

153 2195 304 2255 victoriae
323 2194 519 2271 optigissent.
563 2193 766 2252 Sacerdotum
781 2201 813 2253 et
831 2213 996 2253 numerum
1010 2200 1043 2254 et
1057 2195 1179 2272 digni-3

153 2305 252 2360 tatem
273 2299 328 2359 sed
348 2305 379 2358 et
394 2299 556 2358 commoda
569 2299 667 2373 auxit,
682 2299 849 2376 praecipue
869 2300 1045 2360 Vestalium
1063 2301 1157 2378 virgi-

113 2419 237 2465 aonum.
279 2405 420 2481 Cumque
441 2404 475 2461 in
489 2404 670 2463 demortuae
684 2403 787 2463 locum
800 2404 896 2464 aliam
911 2405 980 2483 capi
995 2411 1156 2483 oporteret

152 2509 370 2587 ambirentque
392 2509 486 2568 multi
504 2528 544 2568 ne
560 2509 642 2568 filias
662 2509 695 2567 in
717 2516 833 2568 sortem
852 2509 973 2585 darent,
994 2511 1154 2572 adiuravit

153 2615 181 2674 si
203 2615 387 2693 cuiusquam
408 2615 552 2692 neptium
577 2632 705 2674 suarum
728 2620 920 2692 competeret
946 2622 1043 2692 aetas,
1070 2617 1154 2677 obla

152 2726 259 2781 turum
274 2721 421 2780 sciuisse
436 2739 512 2780 eam.
555 2719 717 2779 Nonnulla
736 2720 832 2779 etiam
852 2739 890 2779 ex
904 2721 1043 2799 antiquis
1060 2723 1176 2782 caari-4

151 2825 252 2886 monis
280 2826 434 2904 paulatim
456 2826 574 2886 abolita
597 2825 746 2899 restituit,
769 2831 806 2884 ut
832 2825 949 2885 Salutis
975 2827 1151 2904 augurium,

112 2931 242 2992 atDiale
260 2931 452 3004 flamonium,
469 2950 591 2989 sacrum
608 2930 790 3008 Lupercale,
810 2929 900 2989 ludos
919 2932 1100 2992 Saeculares
1119 2938 1152 2992 et

151 3036 395 3114 Compitalicios.
438 3036 662 3113 Lupercalibus
701 3035 804 3095 vetuit
841 3055 963 3096 currere
997 3037 1151 3114 inberbes,

151 3141 229 3201 item
253 3140 470 3201 Saecularibus
492 3140 574 3199 ludis
597 3141 725 3201 iuvenes
746 3141 911 3218 utriusque
933 3162 1025 3202 sexus
1048 3143 1152 3220 prohi-

149 3245 220 3307 buit
232 3246 334 3305 ullum
348 3251 536 3305 nocturnum
551 3246 764 3322 spectaculum
779 3246 980 3323 frequentare
997 3248 1059 3307 nisi
1081 3268 1152 3307 cum

149 3351 256 3429 aliquo
283 3350 399 3411 maiore
427 3357 505 3410 natu
532 3352 787 3427 propinquorum.
831 3351 1023 3430 Compitales
1054 3353 1151 3414 Lares

111 3456 254 3519 coornari
267 3456 316 3517 bis
330 3475 412 3516 anno
427 3456 567 3515 instituit
582 3457 686 3516 vernis
701 3456 830 3515 floribus
845 3463 878 3517 et
891 3458 1029 3518 aestivis.

189 3563 373 3623 Proximum
407 3582 426 3621 a
460 3563 508 3621 dis
538 3562 767 3622 immortalibus
801 3562 950 3623 honorem
983 3565 1175 3627 memoriaet

149 3668 264 3728 ducum
285 3666 446 3746 praestitit
467 3666 522 3744 qui
543 3666 711 3744 imperium
731 3686 761 3745 p.
784 3668 822 3727 R.
845 3686 884 3727 ex
905 3668 1035 3728 minimo
1056 3670 1152 3730 maxi·
