2678 4146
156 248 175 312 6
222 259 251 311 c.
278 257 435 310 sunronr
458 257 685 320 rannoonnr
708 258 757 307 nn
782 258 875 308 virn-
896 257 1100 309 cnnsnnun

154 432 223 510 pita
237 431 385 510 pecunias
399 450 438 491 ex
452 431 573 492 aerario
591 436 786 507 acceperant,
801 450 992 508 quamquam
1011 437 1160 510 exceptos

154 537 296 598 Cornelis
310 536 442 612 legibus.

194 642 384 703 Subornavit
398 642 495 702 etiam
509 642 564 719 qui
583 641 664 702 Gaio
684 641 813 701 Rabirio
830 641 1055 720 perduellionis
1074 642 1160 727 diem
1184 654 1202 704 1}

153 747 281 836 diceret,
298 766 360 825 quo
377 747 546 826 praecipuo
565 747 707 807 adiutore
727 747 849 824 aliquot
868 753 942 807 ante
960 766 1059 808 annos
1080 748 1161 808 Luci

129 851 317 915 tSaturnini
337 851 524 925 seditiosum
544 851 742 911 tribunatum
764 857 892 912 senatus
914 858 1102 928 coercuerat,
1124 871 1161 914 ac

154 963 237 1018 sorte
258 958 352 1017 iudex
374 957 408 1016 in
429 976 517 1017 reum
538 957 651 1016 duetus
670 962 736 1016 tam
753 957 864 1033 cupide
881 958 1103 1030 condemnavit
1123 965 1161 1019 ut

152 1065 193 1124 ad
214 1064 367 1142 populum
388 1062 573 1141 provocanti
593 1062 673 1120 nihil
694 1081 793 1139 aeque
813 1080 850 1122 ac
870 1061 983 1122 iudicis
1002 1063 1159 1124 acerbitas

153 1168 318 1247 profuerit.

192 1273 346 1352 Deposita
364 1272 544 1352 provinciae
566 1291 622 1350 spe
643 1272 860 1350 pontificatum
882 1273 1054 1334 maximum
1075 1275 1159 1353 petit
1184 1289 1202 1338 1¹

114 1395 144 1442 10
152 1399 216 1440 non
226 1379 293 1439 sine
308 1379 529 1456 profusissima
543 1377 729 1454 largitione,
751 1378 784 1436 in
799 1397 861 1455 qua
875 1383 1026 1455 reputans
1043 1379 1160 1455 magni-

153 1484 296 1544 tudinem
314 1483 395 1545 aeris
413 1483 519 1558 alieni,
540 1502 611 1543 cum
630 1501 721 1542 mane
739 1483 780 1542 ad
800 1483 928 1542 comitia
944 1484 1158 1560 descenderet,

153 1589 347 1669 praedixisse
358 1588 453 1649 matri
467 1587 622 1649 osculanti
637 1588 739 1648 fertur
753 1589 899 1647 domum
921 1607 959 1647 se
978 1587 1055 1648 nisi
1075 1608 1159 1667 pon·

153 1691 313 1755 tificcm'
335 1713 406 1753 non
437 1712 685 1753 reversurum.
729 1694 835 1769 Atque
855 1693 900 1752 ita
919 1693 1157 1770 potentissimos

153 1801 230 1859 duos
251 1799 471 1877 competitores
491 1798 688 1875 multumque
708 1804 740 1858 et
759 1804 862 1858 aetate
881 1804 913 1858 et
932 1798 1087 1874 dignitate
1106 1819 1159 1859 an-

116 1919 143 1964 115
153 1905 332 1965 tecedentes
357 1903 519 1981 superavit
543 1909 580 1963 ut
604 1903 697 1980 plura
720 1903 789 1981 ipse
815 1903 848 1962 in
873 1923 980 1963 eorum
1012 1903 1157 1964 tribubus

154 2009 303 2086 suffragia
324 2028 419 2086 quam
439 2014 573 2085 uterque
595 2008 629 2067 in
650 2008 794 2068 omnibus
816 2008 934 2069 tulerit.

192 2116 324 2176 Praetor
348 2119 480 2189 creatus,
505 2115 630 2174 detecta
655 2114 868 2174 coniuratione
893 2114 1048 2176 Catilinae
1073 2135 1159 2176 sena·
1184 2133 1202 2181 1⁴

153 2225 250 2298 tuque
278 2218 425 2279 universo
453 2219 486 2278 in
515 2219 614 2279 socios
645 2218 795 2279 facinoris
823 2218 970 2279 ultimam
998 2226 1158 2281 statuente

153 2344 295 2404 poenam,
320 2325 405 2385 solus
426 2324 646 2402 municipatim
667 2324 853 2383 dividendos
875 2325 1158 2403 custodiendosque

114 2430 322 2509 aopublicatis
342 2430 431 2489 bonis
447 2430 577 2489 censuit.
620 2429 703 2499 Quin
718 2433 750 2488 et
769 2435 894 2489 tantum
912 2435 1032 2489 metum
1049 2430 1159 2491 iniecit

152 2535 312 2614 asperiora
326 2535 540 2610 suadentibus,
555 2534 729 2594 identidem
744 2539 906 2593 ostentans
924 2540 1042 2611 quanta
1056 2553 1109 2595 eos
1125 2537 1158 2595 in

153 2646 315 2718 posterum
329 2660 348 2701 a
361 2639 453 2718 plebe
473 2641 615 2700 Romana
633 2644 774 2699 maneret
793 2638 923 2714 invidia,
938 2645 975 2699 ut
991 2640 1158 2700 Decimum

154 2745 296 2806 Silanum
317 2746 476 2805 consulem
497 2745 697 2822 designatum
721 2763 784 2803 non
809 2743 947 2820 piguerit
968 2745 1157 2806 sententiam

154 2870 251 2927 suam,
280 2851 354 2928 quia
384 2856 506 2910 mutare
537 2856 629 2927 turpe
657 2854 734 2923 erat,
766 2849 1026 2925 interpretatione
1058 2850 1158 2911 lenire

114 2957 242 3023 osvelut
262 2956 388 3033 gravius
405 2961 501 3033 atquc
523 2956 592 3034 ipse
612 2955 763 3015 sensisset
783 2959 955 3031 exceptam.
999 2954 1181 3015 Obtinuis-⁴r

154 3067 202 3122 set
215 3063 302 3137 adeo,
314 3061 507 3122 transductis
523 3061 636 3121 iamed
649 3079 682 3120 se
697 3059 841 3137 pluribus
853 3065 885 3118 et
900 3059 933 3117 in
946 3059 996 3119 his
1009 3059 1157 3120 Cicerone

154 3167 290 3227 consulis
311 3168 420 3242 fratre,
441 3166 504 3226 nisi
528 3166 688 3227 labantem
710 3165 853 3224 ordinem
876 3163 1090 3225 confirmasset
1112 3166 1156 3226 M.

154 3272 282 3333 Catonis
297 3272 405 3332 oratio.
448 3273 496 3331 Ac
512 3291 552 3331 ne
566 3272 611 3331 sic
629 3271 758 3348 quidem
777 3269 930 3347 impedire
948 3288 1015 3329 rem
1031 3270 1158 3331 destitit

153 3377 256 3455 quoad
280 3395 391 3438 manus
415 3376 557 3454 equitum
585 3377 798 3436 Romanorum
823 3393 902 3451 quae
926 3380 1048 3435 armata
1071 3394 1159 3454 prae-

115 3483 227 3548 cosidii
238 3501 331 3543 causa
342 3481 565 3542 circumstabat
579 3480 805 3541 inmoderatius
820 3480 1034 3557 perseveranti
1049 3499 1157 3542 necem

154 3588 342 3647 comminata
356 3593 414 3661 est,
429 3586 525 3646 etiarn
540 3586 666 3645 strictos
684 3586 805 3661 gladios
823 3604 922 3662 usque
940 3604 976 3644 eo
995 3585 1160 3647 intentans

154 3698 190 3753 ut
204 3693 364 3753 sedentem
375 3710 437 3751 una
452 3691 588 3768 proximi
602 3690 807 3765 deseruerint,
819 3690 873 3748 vix
889 3690 980 3768 pauci
992 3691 1157 3768 complexu
