2678 4140
448 247 560 297 risun
583 249 605 299 1.
643 249 756 300 u1vus
779 249 903 301 murus
1138 240 1180 307 19

108 390 151 440 3⁷
205 416 214 475 .“
224 419 375 481 Confectis
410 421 502 481 bellis
539 423 729 500 quinquiens
766 425 987 502 triumphavit,
1023 433 1096 504 post
1129 427 1180 486 de·

187 522 293 585 victum
319 527 498 604 Scipionem
521 534 633 604 quater
656 529 765 588 eodem
792 550 898 590 mense
924 531 979 590 sed
1004 532 1177 591 interiectis

187 628 292 706 dicbus,
315 637 348 691 et
369 650 476 690 rursus
499 633 594 691 semel
618 639 690 710 post
711 642 874 712 superatos
896 636 1028 713 Pompei
1053 637 1176 696 liberos.

183 735 315 795 Primum
336 742 369 797 et
387 738 687 797 excellentissimum
709 740 906 818 triumphum
927 741 993 816 egit
1011 742 1177 816 Gallicum,

181 849 356 919 sequentem
377 843 637 919 Alexandrinum,
652 845 766 904 deinde
787 847 964 921 Ponticum,
983 846 1056 905 huic
1077 847 1202 924 proxi-t

178 967 258 1006 mum
290 948 487 1022 Africanum,
516 949 723 1009 novissimum
762 951 1017 1029 Hispaniensem,
1053 952 1178 1012 diverso

140 1069 327 1129 2qucmque
354 1060 509 1130 apparatu
536 1060 568 1113 et
603 1055 821 1115 instrumente.
877 1056 993 1116 Gallici
1024 1057 1178 1134 triumphi

174 1157 222 1216 die
245 1158 417 1218 Velabrum
442 1160 684 1236 praetervehens
710 1180 809 1238 paene
834 1181 926 1220 curru
954 1180 1103 1221 excussus
1128 1167 1177 1221 est
1259 1219 1261 1224 ,

172 1283 229 1322 axe
250 1264 398 1323 diffracto
418 1265 623 1341 ascenditque
645 1266 838 1343 Capitolium
852 1267 892 1325 ad
912 1267 1033 1326 lumina
1046 1267 1177 1344 quadra·
1251 1326 1258 1347 ,
1305 1341 1311 1349 β

172 1369 260 1444 ginta
282 1369 459 1446 elephantis
484 1370 596 1429 dextra
621 1371 812 1448 sinistraque
836 1372 1030 1454 lychnuchos
1055 1378 1215 1448 gestan-10
1227 1344 1238 1369 '⁶
1256 1354 1270 1361 ⁸
1287 1352 1289 1357 ’
1309 1350 1332 1367 ”

171 1473 264 1532 tibus.
316 1474 449 1533 Pontico
478 1475 639 1551 triumpho
667 1476 750 1534 inter
775 1496 908 1553 pompae
934 1476 1054 1557 fercula
1078 1477 1175 1536 trium
1251 1456 1335 1545 istit

170 1579 337 1637 verborum
362 1579 515 1656 praetulit
542 1580 682 1654 titulum,
707 1599 993 1655 vnnr·vrnr·vrcr,
1017 1600 1081 1640 non
1105 1586 1176 1641 acta
1290 1568 1293 1585 ¹

170 1683 245 1742 belli
275 1683 505 1760 significantem
534 1685 615 1745 sicut
644 1686 766 1760 ceteris,
789 1687 844 1745 sed
873 1686 1017 1746 celeriter
1040 1686 1176 1745 confecti

170 1794 285 1849 notam,

117 1896 150 1950 38
219 1895 385 1954 Veteranis
403 1895 577 1970 legionibus
597 1871 732 1972 praeciae
746 1897 872 1956 nomine
887 1897 920 1954 in
935 1896 1057 1973 pedites
1073 1897 1176 1971 singu·
1186 1913 1214 1958 15

171 1999 215 2058 los
245 2019 340 2077 super
369 1999 443 2059 bina
471 2001 627 2075 sestertia,
656 2020 735 2077 quae
764 2002 856 2060 initio
885 2001 988 2060 civilis
1017 2001 1173 2061 tumultus

170 2112 399 2180 numeraverat,
429 2105 538 2164 vicena
567 2113 720 2182 quaterna
754 2107 842 2165 milia
877 2126 1040 2165 nummum
1075 2107 1172 2166 dedit.

172 2210 362 2295 Adsignavit
376 2217 409 2271 et
422 2229 523 2285 agros,
540 2211 594 2269 sed
611 2230 674 2269 non
695 2212 858 2270 continuos
872 2231 912 2270 ne
930 2211 1001 2288 quis
1019 2230 1174 2289 possesso

171 2334 239 2373 rum
281 2316 501 2393 expelleretur.
564 2316 687 2393 Populo
722 2323 846 2394 praeter
888 2317 1041 2398 frumenti
1076 2317 1172 2376 denos

170 2421 289 2479 modios
319 2440 355 2480 ac
383 2421 516 2481 totidem
544 2421 605 2479 olei
634 2421 730 2480 libras
765 2427 906 2481 trecenos
936 2441 1059 2499 quoque
1086 2437 1212 2483 num-ao

170 2544 235 2585 mos
267 2545 345 2602 quos
374 2526 534 2603 pollicitus
564 2527 640 2585 olim
669 2533 736 2586 erat
765 2527 885 2585 viritim
913 2527 1024 2586 divisit
1052 2533 1084 2587 et
1114 2528 1173 2586 hoc

149 2630 304 2708 aamplius
327 2636 473 2689 centenos
496 2651 553 2708 pro
577 2650 672 2690 mora.
716 2633 862 2690 Annuam
887 2631 983 2690 etiam
1007 2632 1173 2692 habitatio

168 2754 240 2795 nem
255 2736 374 2795 Romae
387 2756 487 2812 usque
502 2737 542 2796 ad
558 2737 630 2795 bina
650 2737 738 2795 milia
752 2756 925 2811 nummum,
940 2737 975 2795 in
993 2737 1089 2797 Italia
1109 2757 1172 2795 non

169 2840 253 2900 ultra
274 2841 448 2917 quingenos
473 2842 635 2901 sestertios
661 2842 791 2901 remisit.
839 2842 966 2900 Adiecit
987 2842 1116 2919 epulum
1136 2860 1172 2901 ac

168 2945 409 3005 viscerationem
422 2953 455 3006 et
469 2953 541 3023 post
559 2948 803 3024 Hispaniensem
824 2947 989 3010 victoriam
1007 2947 1069 3005 duo
1083 2964 1210 3024 pren-re

168 3051 238 3127 dia;
267 3069 342 3110 nam
367 3070 437 3109 cum
459 3052 547 3128 prius
570 3071 663 3129 parce
685 3071 786 3128 neque
814 3071 871 3128 pro
899 3052 1088 3111 liberalitate
1116 3070 1172 3110 sua

169 3155 348 3234 praebitum
368 3156 531 3232 iudicaret,
553 3157 664 3233 quinto
686 3162 759 3234 post
779 3158 830 3217 die
851 3157 938 3216 aliud
959 3157 1172 3232 largissimum

168 3261 321 3341 praebuit.
406 3321 408 3325 Α

116 3371 147 3422 39
206 3367 319 3427 Edidit
338 3369 517 3444 spectacula
537 3369 617 3428 varii
640 3369 780 3444 generis:
806 3388 918 3428 munus
940 3369 1170 3444 gladiatorium,

168 3473 258 3533 ludos
274 3473 370 3532 etiam
385 3474 572 3549 regionatim
587 3474 664 3532 urbe
679 3480 746 3534 tota
765 3475 939 3550 etquidem
956 3494 1012 3552 per
1031 3475 1171 3533 omnium
1181 3488 1210 3532 ³0

168 3578 347 3655 linguarum
372 3578 558 3652 histriones;
590 3579 666 3638 item
692 3579 855 3653 circenses,
877 3579 1024 3654 athletas,
1047 3598 1172 3639 nauma

170 3684 279 3744 chiam.
330 3685 462 3744 Munere
493 3684 527 3742 in
554 3684 624 3742 foro
651 3684 846 3761 depugnavit
873 3684 992 3743 Furius.
1016 3685 1170 3762 Leptinus
