2678 4146
154 251 196 316 24
237 261 268 313 e.
293 261 450 313 sueretu
471 261 700 325 raxsqcrnur
723 262 772 312 uu
797 262 887 314 vrrs
910 262 1114 316 causarum

194 437 363 498 Habitavit
375 438 478 516 primo
488 437 522 496 in
537 436 659 497 Subura
672 436 804 496 modieis
813 436 953 512 aedibus,
964 444 1038 515 post
1051 446 1162 499 autem
1185 451 1222 500 46

153 542 372 620 pontificatum
386 542 558 602 maximnm
568 542 603 600 in
613 542 708 601 Sacra
717 541 770 601 ria
783 541 877 601 domo
890 541 1025 619 publica
1068 545 1162 603 Mun-

153 648 305 707 ditiarum
332 648 592 724 lautitiarumque
613 646 880 706 studiosissimum
901 647 995 708 multi
1015 650 1162 726 prodide-

154 759 246 813 runt:
276 753 386 813 villam
413 753 447 811 in
474 752 662 812 Nemorensi
688 771 708 812 a
734 753 951 814 fundamentis
978 754 1161 816 incohatam

129 877 328 936 smagnoque
349 864 479 935 sumptu
498 858 685 933 absolutam,
699 857 775 935 quia
787 878 851 918 non
872 864 941 919 tota
957 860 999 920 ad
1016 861 1160 921 animum

154 964 183 1023 ei
197 965 410 1042 responderat,
425 970 526 1024 totam
546 964 691 1038 diruisse,
706 983 888 1041 quanquam
907 971 1035 1026 tenuem
1055 967 1161 1027 adhuc

154 1074 186 1128 et
213 1069 412 1144 obaeratum3
440 1070 473 1128 in
501 1068 754 1146 expeditionibus
786 1070 949 1146 tessellata
976 1077 1009 1131 et
1036 1072 1161 1148 sectilia

153 1174 335 1253 pavimenta
349 1175 597 1249 circumtulisse;
619 1173 817 1234 Britanniam
834 1176 952 1253 petisse
967 1196 1023 1255 spe
1042 1196 1162 1254 margar
1184 1193 1216 1242 47

154 1279 295 1354 ritarum,
324 1300 457 1357 quarum
484 1279 727 1357 amplitudinem
755 1281 970 1341 conferentem
999 1282 1160 1341 interdum

115 1399 211 1445 losua
232 1405 328 1444 manu
348 1386 488 1461 exegisse
513 1386 653 1462 pondus,
681 1403 830 1460 gemmas,
852 1392 1038 1471 toreumata,
1060 1387 1161 1464 signa,

153 1489 276 1550 tabulas
291 1491 395 1568 operis
411 1491 536 1567 antiqui
554 1509 677 1568 semper
693 1490 924 1550 animosissime
944 1511 1161 1570 comparasse3

153 1595 283 1654 servitia
310 1595 444 1655 rectiora
467 1595 677 1673 politioraque
705 1596 849 1655 inmenso
876 1597 988 1674 pretio,
1014 1604 1048 1658 et
1071 1598 1161 1658 cuius

153 1700 259 1778 ipsum
282 1701 377 1760 etiam
401 1701 544 1778 puderet,
566 1701 611 1760 sio
632 1707 668 1760 ut
690 1702 863 1760 rationibus
885 1707 1008 1763 vetaret
1031 1703 1162 1779 inferri3

153 1806 354 1866 convivatum
384 1806 510 1866 assidue
544 1826 600 1884 per
635 1806 813 1884 provincias
844 1807 966 1866 duobus
1002 1808 1162 1884 tricliniis,
1184 1825 1219 1876 48

116 1927 144 1972 11
152 1930 215 1970 uno
243 1931 305 1988 quo
335 1912 437 1987 sagati
464 1911 638 1988 palliative,
665 1911 765 1971 altero
793 1931 855 1988 quo
886 1913 987 1988 togati
1016 1932 1088 1973 eum
1118 1915 1164 1974 in·

153 2015 353 2076 lustrioribus
387 2017 620 2093 provinciarum
653 2017 895 2077 discumberent.
946 2019 1163 2080 Domesticam

152 2121 354 2200 disciplinam
387 2122 421 2180 in
456 2123 562 2199 parvis
595 2143 632 2182 ac
661 2122 831 2182 maioribus
864 2122 957 2182 rebus
991 2123 1164 2200 diligenter

152 2227 230 2286 adeo
265 2247 434 2305 severeque
468 2229 551 2287 rexit
585 2234 621 2287 ut
655 2228 807 2305 pistorem
837 2228 936 2287 alium
970 2247 1066 2306 quam
1101 2231 1163 2290 sibi

152 2352 266 2410 panem
300 2333 441 2392 convivis
477 2334 682 2392 subicientem
718 2333 919 2410 compedibus
949 2333 1098 2410 vinxerit,
1129 2335 1164 2395 li·

113 2438 276 2500 aubertum
311 2439 527 2515 gratissrmum
560 2439 600 2497 ob
631 2438 841 2497 adulteratam
873 2439 989 2515 equitis
1025 2441 1163 2500 Romani

151 2562 290 2619 uxorem,
325 2545 469 2621 quamvis
502 2543 589 2603 nullo
621 2550 780 2620 querente,
813 2543 942 2621 capitali
975 2563 1077 2621 poena
1111 2546 1164 2606 ad-

152 2648 272 2709 fecerit.

193 2755 370 2815 Pudicitiae
385 2756 451 2815 eius
467 2756 584 2815 famam
598 2755 679 2813 nihi]
694 2755 822 2831 quidem
837 2760 962 2831 praeter
976 2755 1160 2815 Nicomedis
1183 2771 1221 2820 49

153 2861 391 2922 contubernium
413 2861 514 2936 laesit,
536 2861 625 2936 gravi
654 2866 760 2920 tamen
781 2866 813 2919 et
834 2860 966 2936 perenni
993 2859 1161 2939 obprobrio

114 2974 184 3026 aer
204 2966 244 3026 ad
267 2967 408 3025 omnium
430 2966 570 3025 convicia
593 2965 745 3043 exposito.
789 2964 910 3024 Omitto
939 2963 1030 3024 Calvi
1056 2965 1162 3025 Licini

152 3072 333 3131 notissimos
348 3091 475 3130 versus:

737 3150 938 3229 Bithynia
959 3149 1162 3229 quicquid

244 3266 282 3318 et
303 3259 523 3337 pedioator
545 3258 736 3319 Caesaris
758 3276 944 3334 umquam
965 3255 1120 3316 habuit.

152 3390 319 3449 Praetereo
330 3389 468 3449 actiones
482 3389 664 3449 Dolabellae
676 3395 708 3448 et
720 3388 864 3448 Curionis
879 3387 990 3466 patris,
1001 3386 1035 3445 in
1046 3387 1161 3464 quibus

114 3506 225 3554 aueum
251 3495 416 3555 Dolabella
443 3496 643 3572 paelicem
679 3495 858 3570 reginae,
888 3494 1082 3570 spondam
1109 3493 1163 3551 in·

153 3600 349 3660 teriorem
380 3602 513 3675 regiae
547 3601 732 3674 lecticae,
760 3606 794 3659 at
822 3599 916 3659 Curio
952 3598 1162 3658 stabulum

152 3705 389 3766 Nicomedis
425 3713 464 3765 et
503 3706 768 3783 Bithynicum
802 3703 1003 3763 fornicem
1040 3703 1160 3764 dicunt
