2678 4140
427 281 538 331 maun
561 281 597 331 11.
635 280 747 331 nrvus
770 279 962 332 nuousrus
1155 266 1196 330 te

189 453 373 513 auctoribus
387 453 420 511 id
436 453 528 512 modo
543 453 674 527 censuit,
691 453 938 528 cognoscendum
953 451 1085 529 posthac
1098 450 1137 509 de
1153 437 1196 509 ¹iis

191 559 249 636 qui
260 558 384 617 libellos
395 564 451 617 aut
463 558 601 617 carmina
611 559 651 617 ad
663 558 829 624 infamiam
840 556 1015 633 cuiuspiam
1026 555 1085 615 sub
1094 554 1198 615 alieno

190 663 319 723 nomine
334 663 438 723 edant.

123 775 169 825 56
234 769 316 829 Iocis
341 787 464 846 quoque
490 770 686 846 quorundam
713 768 877 828 invidiosis
902 775 958 829 aut
981 766 1197 846 petulantibus

192 873 369 949 lacessitae,
381 874 583 934 contradixit
597 874 709 933 edicte.
748 876 791 934 Et
805 880 964 942 tamenne
975 874 1013 932 de
1028 872 1222 933 inhibendas

194 984 456 1040 testamentorum
483 979 611 1039 licentia
639 980 807 1056 quicquam
836 979 1079 1038 constitueretur
1105 978 1200 1038 inter·

193 1085 296 1145 cessit.
332 1084 484 1155 Quotiens
499 1085 742 1160 magistratuum
758 1084 893 1144 comitiis
909 1085 1085 1159 interesset,
1097 1083 1198 1143 tribus

193 1208 264 1249 cum
286 1189 463 1250 candidatis
485 1189 550 1249 suis
573 1190 725 1250 circuibat
749 1190 1010 1267 supplicabatque
1034 1208 1119 1249 more
1142 1189 1199 1248 sol-

193 1295 298 1354 lemni.
342 1295 477 1355 Ferebat
498 1300 531 1354 et
552 1295 620 1372 ipse
646 1296 830 1371 suffragium
852 1295 885 1353 in
907 1295 1001 1370 tribu,
1023 1300 1059 1354 ut
1078 1313 1160 1354 unus
1182 1313 1199 1354 e

194 1401 319 1477 populo.
364 1401 492 1460 Testem
514 1419 547 1460 se
568 1400 602 1458 in
623 1401 748 1460 iudiciis
774 1406 805 1460 et
829 1401 1017 1477 interrogari
1038 1412 1071 1461 et
1095 1399 1200 1460 refelli
1209 1412 1238 1456 ro

170 1505 384 1582 raequissimo
412 1505 518 1564 animo
546 1506 733 1583 patiebatur.
790 1507 905 1564 Forum
933 1507 1098 1583 angustius
1122 1505 1200 1565 fecit

193 1629 256 1669 non
283 1629 379 1670 ausus
408 1617 594 1687 extorquere
627 1612 857 1689 possessoribus
890 1612 1049 1689 proximas
1080 1611 1197 1670 domos.

193 1716 377 1792 Numquam
397 1715 480 1775 filios
506 1735 578 1775 suos
603 1717 720 1794 populo
746 1717 976 1776 commendavit
996 1723 1033 1776 ut
1053 1736 1116 1775 non
1137 1716 1201 1775 adi-

194 1826 295 1880 ceret:
326 1820 367 1879 Si
396 1821 668 1880 merebuntur.
711 1822 841 1880 Eisdem
865 1822 1071 1899 praetextatis
1097 1821 1214 1905 adhuc¹

193 1930 406 1985 assurrectum
426 1925 467 1985 ab
488 1926 643 1986 mirensis
664 1926 698 1985 in
717 1927 841 1986 theatro
856 1933 888 1986 et
902 1946 921 1986 a
936 1927 1093 1986 stantibus
1115 1927 1238 2004 plau-15

194 2049 262 2089 sum
284 2030 471 2108 gravissime
493 2037 624 2109 questus
646 2039 702 2093 est.
745 2032 872 2091 Amicos
892 2033 938 2092 ita
960 2051 1087 2108 magnos
1103 2038 1135 2091 et
1149 2051 1201 2109 po
1279 2075 1283 2083 .

194 2141 296 2196 tentes
319 2136 353 2195 in
376 2136 506 2196 civitate
527 2125 596 2197 esse
615 2131 716 2196 voluit
733 2142 770 2195 ut
788 2143 892 2197 tamen
915 2137 984 2215 pari
1006 2137 1073 2197 iure
1094 2142 1200 2196 essent

171 2259 253 2318 aquo
269 2242 367 2301 ceteri
385 2242 570 2318 legibusque
584 2242 758 2302 iudiciariis
773 2262 872 2319 acque
887 2248 1077 2303 tenerentur.
1121 2242 1200 2302 Cum

195 2347 355 2424 Asprenas
372 2347 495 2405 Nonius
510 2347 611 2406 artius
626 2347 655 2406 ei
671 2347 796 2406 iunctus
819 2367 944 2408 causam
957 2348 1101 2408 veneficii
1114 2338 1201 2408 accu-

195 2459 282 2513 sante
292 2451 402 2512 Cassio
414 2452 529 2513 Severo
541 2453 669 2528 diceret,
683 2452 841 2512 consuluit
853 2460 1006 2529 senatum,
1022 2473 1071 2531 qu
1080 2455 1122 2513 id
1149 2453 1200 2512 oi·
1209 2465 1238 2510 ro

193 2557 277 2617 ficii
306 2557 368 2616 sui
389 2563 573 2634 putaret3
596 2558 786 2618 cunctari
808 2559 913 2618 enim
941 2577 980 2618 se
1007 2578 1053 2618 ne
1083 2558 1117 2617 si
1146 2577 1200 2617 su-

193 2668 390 2739 peresset,
411 2663 576 2740 eripere
603 2664 765 2740 legibus
795 2684 911 2739 reum,
935 2665 998 2723 sin
1025 2664 1198 2739 deesset,

193 2768 415 2828 destituere
435 2787 477 2828 ac
498 2769 788 2845 praedamnare
810 2770 977 2828 amicum
997 2769 1201 2829 existima·

193 2878 323 2948 retur;
346 2878 379 2932 et
403 2874 671 2933 consentientibus
696 2875 852 2934 universis
878 2875 961 2934 sedit
984 2875 1017 2933 in
1042 2874 1199 2935 subselliis

193 2996 248 3055 per
268 2977 392 3054 aliquot
408 2978 511 3053 horas,
526 2998 636 3038 verum
651 2980 766 3039 tacitus
780 2986 813 3039 et
824 2999 863 3039 ne
878 2979 1057 3040 laudatione
1072 2980 1199 3057 quidem
1208 2995 1238 3041 25

169 3081 334 3142 sindiciali
344 3082 427 3143 data.
463 3082 568 3143 Affuit
579 3090 611 3143 et
623 3084 801 3160 clientibus,
813 3086 895 3145 sicut
910 3084 1053 3145 Scutario
1065 3085 1198 3160 cuidam,

193 3194 321 3248 evocato
360 3188 518 3266 quondam
558 3208 623 3264 suc,
659 3189 713 3266 qui
748 3191 968 3268 postulabatur
1003 3190 1198 3250 iniuriarum.

193 3293 302 3353 Unum
317 3294 443 3353 omnino
458 3314 475 3354 e
490 3313 612 3354 reorum
634 3315 764 3355 numero
783 3316 878 3356 acne
897 3316 969 3356 eum
989 3296 1117 3373 quidem
1137 3296 1200 3355 nisi

193 3399 337 3475 precibus
353 3399 479 3477 eripuit,
492 3407 620 3461 exorato
639 3420 742 3460 coram
762 3401 917 3461 iudicibus
937 3407 1126 3477 accusatore,
1146 3402 1201 3462 Ca

194 3494 346 3581 stricium,
361 3525 418 3583 per
432 3525 527 3582 quem
542 3507 580 3566 de
596 3507 809 3566 coniuratione
824 3509 975 3567 Murenae
990 3514 1185 3584 cognoverat.
1209 3520 1238 3567 30

138 3618 172 3669 57
232 3610 295 3670 Pro
310 3610 424 3688 quibus
443 3611 564 3671 meritis
580 3617 698 3688 quanto
713 3631 806 3689 opere
826 3613 959 3672 dilectus
979 3613 1021 3672 sit
1041 3613 1134 3674 facile
1152 3620 1200 3673 est

196 3714 369 3775 aestimre.
413 3714 535 3776 Omitto
550 3721 676 3776 senatus
692 3716 844 3791 consulta,
860 3717 933 3793 quia
952 3723 1085 3794 possunt
1099 3718 1200 3778 videri
