2678 4140
377 271 490 323 amru
513 271 549 322 11.
586 271 699 324 DIVUS
722 271 914 324 lUUUsrus
1108 258 1148 324 61

148 444 294 504 exercuit.
335 445 481 522 Namque
495 444 560 504 illis
575 445 609 503 in
623 444 795 504 multorum
809 462 902 521 saepe
913 462 1079 522 personam
1093 463 1149 523 per

147 548 279 626 gratiam
298 555 330 609 et
344 568 452 627 preces
468 549 677 609 exorabilibus
693 549 777 608 solus
792 568 905 625 magno
919 568 1013 627 opere
1027 555 1151 609 conten·

147 655 192 714 dit
205 673 245 714 ne
262 654 313 714 oui
334 660 524 732 parceretur,
544 654 793 732 proscripsitque
817 654 913 714 etiam
927 653 961 714 C.
979 655 1149 715 Toranium

146 765 282 820 tutorem
307 778 408 836 suum,
431 759 564 820 eundem
589 759 741 836 collegam
769 759 869 837 patris
898 759 947 818 sui
976 759 1088 820 Octavi
1116 760 1149 819 in

111 865 317 926 2aedilitate.
359 865 461 924 Iulius
487 865 675 925 Saturninus
700 865 759 925 hoo
781 864 917 942 amplius
945 865 1053 942 tradit,
1078 879 1172 925 cums

146 976 271 1048 peracta
292 970 522 1048 proscriptione
545 972 589 1030 M.
616 970 754 1049 Lepidus
779 970 813 1029 in
836 976 947 1030 senatu
969 976 1150 1032 excusasset

146 1076 317 1153 praeterita
335 1081 368 1135 et
382 1094 471 1153 spem
486 1075 670 1135 clementiae
686 1076 720 1134 in
738 1081 900 1153 posterum
922 1076 1059 1152 fecisset,
1077 1096 1150 1154 quo

146 1181 228 1241 niam
243 1181 321 1241 satis
336 1201 509 1259 poenarum
524 1186 670 1242 exactum
684 1187 777 1258 esset,
792 1182 876 1241 hunc
897 1201 914 1242 e
934 1183 1060 1242 diverso
1081 1202 1149 1260 pro

146 1287 274 1362 fessum,
300 1286 360 1347 ita
384 1287 539 1345 modum
562 1306 602 1347 se
622 1287 913 1365 proscribendi
936 1287 1147 1364 statuisse,

146 1397 184 1452 ut
211 1391 335 1452 omnia
363 1391 436 1451 sibi
463 1392 668 1469 reliquerit
695 1392 824 1453 libera.
867 1395 907 1452 In
931 1393 1018 1452 ouius
1042 1399 1146 1454 tamen
1158 1403 1187 1449 10

146 1498 336 1574 pertinaciae
363 1497 591 1575 paenitentiam
622 1503 732 1576 postea
760 1500 795 1557 Τ.
827 1498 958 1558 Vinium
985 1499 1149 1577 Philopoe

146 1600 276 1678 monem,
291 1602 375 1680 quod
397 1610 565 1680 patronum
587 1622 679 1662 suum
700 1603 913 1681 proscriptum
935 1603 1051 1664 celasse
1072 1604 1148 1664 olim

126 1707 310 1783 adiceretur,
335 1708 474 1785 equestri
497 1708 652 1783 dignitate
674 1709 849 1768 honoravit.
892 1710 932 1767 In
960 1709 1068 1769 eadem
1089 1709 1149 1769 hac

146 1818 302 1891 potestate
316 1813 488 1891 multiplici
501 1813 650 1888 flagravit
664 1813 796 1887 invidia,
837 1815 921 1873 Nam
935 1819 968 1874 et
984 1813 1148 1874 Pinarium

146 1919 282 1996 equitem
291 1906 341 1993 Rss,
351 1937 422 1978 cum
433 1918 632 1978 contionante
644 1937 686 1993 se,
698 1919 835 1979 admissa
846 1919 939 1979 turba
945 1939 1147 1997 paganorum,
1158 1934 1186 1979 15

145 2024 226 2102 apud
242 2023 360 2083 milites
376 2022 569 2082 subscribere
584 2023 737 2099 quaedam
751 2024 1036 2101 animadvertisset,
1052 2026 1149 2085 curio

146 2147 212 2188 sum
226 2147 264 2190 ac
283 2128 511 2206 speculatorem
531 2133 619 2187 ratus
640 2147 743 2187 coram
764 2129 890 2188 confodi
907 2130 1094 2208 imperavit3
1115 2137 1148 2192 et

146 2234 277 2294 Tedium
292 2233 408 2291 Afrum
423 2234 582 2292 consulem
596 2233 805 2309 designatum,
821 2235 895 2311 quia
913 2235 1035 2295 factum
1053 2237 1148 2314 quod·

145 2339 215 2400 dam
233 2358 325 2398 suum
343 2337 481 2414 maligno
501 2357 643 2397 sermone
662 2339 840 2417 carpsisset,
860 2341 958 2400 tantis
976 2342 1148 2403 conterruit

124 2444 237 2503 eminis
251 2448 289 2503 ut
306 2443 333 2502 is
348 2445 381 2502 s'e
396 2443 653 2520 praecipitaverit
665 2466 672 2518 3
694 2449 727 2504 ct
740 2444 893 2514 Quintum
907 2446 1047 2506 Gallium
1062 2466 1186 2525 praeno

144 2555 252 2624 torem,
267 2548 301 2607 in
315 2547 415 2607 officio
430 2547 628 2608 salutationis
640 2547 773 2608 tabellas
788 2550 929 2628 duplices
944 2558 1032 2612 veste
1046 2558 1146 2612 tectas

143 2658 312 2728 tenentem,
342 2651 518 2730 suspicatus
550 2652 691 2728 gladium
721 2655 861 2714 occulere
892 2675 949 2716 nec
978 2656 1146 2734 quicquam

144 2758 261 2834 statim,
275 2777 315 2817 ne
335 2757 422 2818 aliud
441 2757 646 2833 inveniretur,
660 2777 755 2818 ausus
777 2760 944 2837 inquirere,
960 2762 1054 2839 paulo
1073 2768 1146 2840 post

143 2883 197 2941 per
212 2862 409 2924 centuriones
424 2868 457 2923 et
471 2863 588 2923 milites
604 2870 732 2941 raptum
746 2883 763 2924 e
781 2865 932 2926 tribunali
950 2866 1097 2927 servilem
1111 2868 1145 2927 in

143 2968 270 3028 modum
286 2967 379 3028 torsit
392 2986 429 3027 ac
442 2967 601 3052 fatentem·
610 2968 691 3027 nihil
705 2969 799 3029 iussit
818 2971 925 3046 occidi,
944 2972 1031 3050 prius
1046 2973 1144 3032 oculis
1154 2989 1183 3035 as

143 3074 208 3134 cius
232 3093 289 3134 sua
311 3092 407 3133 manu
429 3073 569 3149 effossis3
597 3094 691 3151 quem
716 3081 822 3135 tamen
848 3077 958 3138 scribit
980 3078 1144 3156 conloquio

141 3179 242 3257 petito
263 3178 448 3238 insidiatum
470 3178 531 3238 sibi
553 3179 790 3258 coniectumque
810 3201 829 3242 a
850 3201 883 3241 se
905 3183 938 3240 in
960 3184 1142 3259 custodiam,

141 3284 253 3344 deinde
267 3284 344 3344 urbe
365 3283 534 3344 interdicta
553 3285 720 3344 dimissum
735 3287 901 3364 naufragio
915 3289 965 3349 vel
985 3290 1142 3350 latronum

119 3387 264 3448 tinsidiis
282 3388 410 3466 perisse.
453 3389 667 3450 Tribuniciam
686 3396 876 3469 potestatem
893 3400 1078 3472 perpetuam
1099 3414 1143 3454 re·

142 3494 233 3571 cepit,
248 3493 282 3552 in
296 3513 359 3572 qua
373 3495 469 3553 semel
483 3500 579 3571 atque
594 3495 710 3555 iterum
724 3516 781 3574 per
795 3498 919 3573 singula
935 3499 1036 3560 lustra
1053 3500 1180 3561 colle-30

141 3616 211 3674 gam
232 3598 293 3658 sibi
315 3599 483 3676 cooptavit.
528 3600 661 3678 Recepit
682 3606 715 3661 et
736 3622 856 3661 morum
878 3602 1044 3682 legumque
1066 3605 1143 3681 regi-

141 3721 212 3768 men
224 3722 324 3781 aeque
337 3709 534 3782 perpetuum,
549 3724 611 3781 quo
622 3705 698 3780 iure,
710 3726 900 3784 quamquam
912 3709 979 3769 sine
994 3729 1141 3770 censurae
