2678 4140
97 236 138 299 62
180 246 209 296 c.
235 246 390 298 surrour
413 246 640 309 TRANQUILLI
662 247 712 296 nu
735 246 826 296 vnn
850 244 1054 296 causarum

95 420 221 494 honore,
237 439 364 479 censum
378 425 483 480 tamen
494 419 604 498 populi
619 425 667 479 ter
681 418 754 495 egit,
766 419 903 496 primum
917 436 953 478 ac
968 417 1099 477 tertium

98 545 167 585 cum
183 525 309 601 collega,
326 524 463 584 medium
479 525 572 584 solus.
1019 525 1021 529 ’

136 631 184 690 De
199 630 358 689 reddenda
372 649 405 688 re
422 650 452 707 p.
467 629 515 688 bis
536 631 703 706 cogitavit:
725 631 862 709 primum
882 635 955 708 post
974 648 1101 708 oppres-
1123 639 1144 688 2:

98 755 166 795 sum
182 736 291 795 statim
303 735 485 810 Antonium,
498 755 616 795 memor
626 736 782 796 obiectum
794 735 855 795 sibi
865 736 905 795 ab
916 754 951 794 eo
963 735 1100 812 saepius,

74 841 188 919 oquasi
203 861 259 919 per
280 832 384 919 ipsum
406 847 504 901 staret
525 861 564 900 ne
585 842 787 916 redderetur3
808 859 844 901 ac
865 859 972 899 rursus
994 840 1101 900 taedio

99 948 266 1006 diuturnae
280 947 475 1022 valitudinis,
491 966 561 1006 oum
575 948 671 1007 etiam
685 947 922 1023 magistratibus
936 965 974 1007 ac
988 951 1102 1006 senatu

99 1053 226 1111 domum
247 1053 355 1112 accitis
378 1053 582 1112 rationarium
603 1054 728 1131 imperii
749 1053 889 1112 tradidit.
934 1052 995 1112 Sed
1012 1071 1103 1130 repu-

100 1163 170 1217 tans
186 1163 218 1216 et
233 1176 266 1217 se
279 1157 439 1234 privatum
458 1177 520 1216 non
540 1159 607 1217 sine
625 1158 764 1236 periculo
785 1158 853 1216 fore
873 1163 904 1217 et
925 1156 1014 1216 illam
1036 1157 1103 1234 plu-

100 1241 182 1322 rium
195 1263 326 1323 arbitrio
341 1268 457 1323 temere
473 1264 636 1338 committi,
652 1264 685 1321 in
700 1263 863 1323 retinenda
877 1262 1102 1340 perseveravit,

63 1380 91 1425 ιο
100 1369 230 1428 dubium
244 1374 359 1428 eventu
374 1369 501 1428 meliore
515 1389 555 1428 an
569 1368 739 1438 voluntate.
782 1369 881 1438 Quam
896 1368 1125 1441 voluntatem,2

101 1493 171 1534 cum
192 1493 267 1551 prae
289 1492 322 1532 se
343 1474 516 1533 identidem
537 1474 646 1549 ferret,
661 1452 796 1551 quodam
817 1474 913 1532 etiam
934 1473 1038 1533 edicto
1052 1471 1102 1531 his

100 1579 204 1638 verbis
227 1585 362 1639 testatus
384 1585 449 1638 est:
470 1581 533 1638 Ita
551 1579 650 1637 mihi
673 1578 826 1638 salvam
843 1598 883 1638 ac
904 1578 1103 1655 sospitem

102 1704 232 1762 remp.
255 1684 406 1743 sistere
437 1685 477 1742 in
510 1703 579 1744 sua
601 1684 694 1743 sede
721 1684 848 1743 liceat
874 1683 1102 1760 atqueeius

102 1789 160 1848 rei
185 1789 365 1848 fructum
388 1789 601 1866 percipere
625 1808 738 1865 quem
761 1794 865 1866 peto,
885 1794 929 1847 ut
953 1787 1104 1865 optimi

64 1900 237 1954 laetatus
258 1900 401 1953 auctor
425 1894 539 1953 dicar
560 1901 598 1953 et
619 1895 794 1953 moriens
818 1899 861 1953 ut
886 1894 1013 1952 feram
1036 1913 1104 1952 me-

103 2019 186 2059 cum
221 2019 339 2077 spem,
368 2019 554 2059 mansura
586 2000 625 2056 in
653 1999 833 2074 vestigio
862 2017 932 2057 suo
966 1998 1105 2058 funda

103 2110 235 2165 menta
259 2105 318 2163 rei
343 2124 372 2182 p.
395 2124 495 2181 quae
520 2105 662 2163 iecero.
697 2104 1105 2181 Fecitqueipsesecompo

102 2217 167 2270 tem
177 2210 253 2285 voti,
263 2210 352 2269 nisus
366 2210 452 2269 omni
463 2211 554 2268 modo
565 2230 604 2268 ne
615 2229 708 2286 quem
719 2210 792 2267 novi
802 2214 903 2268 status
918 2209 1103 2286 paeniteret.

8 2336 11 2341 ’
103 2316 224 2376 Urbem
242 2335 343 2393 neque
363 2335 420 2393 pro
438 2316 601 2374 maiestate
621 2314 745 2391 imperii
765 2320 906 2373 ornatam
924 2320 956 2373 et
975 2313 1126 2376 inundae

65 2421 242 2482 actionibus
261 2420 477 2497 incendiisque
497 2421 663 2479 obnoxiam
680 2419 817 2479 excoluit
831 2420 908 2478 adeo
923 2425 959 2478 ut
973 2418 1040 2478 iure
1061 2420 1104 2479 sit

103 2527 255 2604 gloriatus
297 2545 565 2585 marmoream
608 2545 648 2585 se
689 2526 945 2601 relinquere,
984 2544 1103 2601 quam

103 2632 336 2692 latericiam
358 2631 596 2709 accepisset.
640 2632 755 2690 Tutam
769 2650 852 2705 vere,
868 2636 1020 2707 quantum
1036 2650 1104 2708 pro

100 2737 204 2813 rideri
213 2737 350 2797 humana
361 2737 481 2796 ratione
492 2737 605 2814 potuit,
615 2737 710 2796 etiam
721 2737 754 2795 in
763 2743 923 2814 posterum
932 2733 1101 2814 praestitit.

142 2842 274 2903 Publica
288 2862 383 2920 opera
394 2842 530 2919 plurima
541 2843 690 2916 extruxit,
703 2861 719 2900 e
730 2842 843 2918 quibus
854 2841 904 2900 vel
917 2841 1102 2919 praecipua:
1125 2850 1144 2899 2*

64 2947 207 3008 ausorum
231 2968 301 3007 curn
323 2948 399 3007 aede
423 2948 536 3007 Martis
558 2947 691 3025 Ultopis,
714 2947 867 3025 templum
889 2946 1046 3025 Apollinis
1070 2946 1103 3004 in

102 3053 235 3128 Palatio,
259 3053 369 3113 aedem
393 3053 544 3112 Tonantis
569 3053 654 3110 Iovis
684 3053 716 3110 in
744 3053 908 3130 Capitolio.
959 3051 1033 3110 Fori
1054 3071 1104 3111 ex-

103 3159 230 3219 truendi
258 3179 351 3219 causa
377 3160 441 3219 fuit
464 3159 625 3218 hominum
651 3164 682 3218 et
710 3159 896 3218 iudiciorum
922 3157 1101 3232 multitudo,

104 3283 183 3342 quae
210 3265 376 3325 videbatur
403 3287 465 3325 non
489 3266 713 3325 sufficientibus
742 3265 861 3324 duobus
887 3265 983 3324 etiam
1007 3263 1103 3323 tertio

104 3370 261 3448 indigere3
283 3372 389 3449 itaque
404 3360 585 3432 festinatius
599 3373 732 3431 necdum
747 3373 888 3449 perfecta
901 3369 1015 3430 Martis
1026 3369 1103 3429 aede

65 3476 299 3554 aopublicatum
324 3484 372 3537 est
397 3484 584 3555 cautumque
608 3484 645 3537 ut
668 3477 837 3555 separatim
859 3477 893 3534 in
916 3495 951 3535 eo
976 3474 1104 3553 publica

104 3581 220 3643 iudicia
247 3587 279 3642 et
307 3583 486 3642 sortitiones
515 3584 653 3641 iudicum
680 3582 800 3641 fierent.
843 3581 964 3640 Aedem
988 3579 1127 3639 Martisa

103 3685 186 3747 bello
204 3686 405 3765 Philippensi
423 3707 480 3765 pro
499 3688 619 3748 ultione
638 3693 770 3765 paterna
791 3691 936 3763 suscepto
956 3689 1104 3759 voverat3
