2678 4140
11 234 52 299 72
93 247 124 298 c.
150 245 306 297 sunrour
328 247 558 310 raaunumm
581 247 629 296 os
654 246 745 296 vna
767 246 971 299 caussatus

10 417 140 495 ligneis;
162 418 238 478 item
252 418 363 478 navale
378 418 531 495 proelium
547 418 628 479 circa
645 417 784 478 Tiberim
805 420 916 479 cavato
938 419 1014 495 solo,

9 524 43 584 in
70 543 133 602 quo
152 543 236 582 nunc
257 523 425 582 Caesarum
452 542 562 582 nemus
590 529 647 582 est.
688 522 807 594 Quibus
828 524 941 585 diebus
966 545 1016 585 cu-

10 630 115 690 stodes
134 628 168 688 in
180 628 258 687 urbe
272 628 430 705 disposuit
446 647 485 687 ne
500 628 629 689 raritate
649 629 878 688 remanentium
895 650 1016 706 grassa

10 733 129 795 toribus
151 733 284 793 obnoxia
304 740 395 793 esset.
437 734 476 792 In
498 734 589 794 Circo
609 734 733 810 aurigas
756 753 961 814 cursoresque
983 742 1038 796 eta

9 840 202 900 confectores
231 839 379 915 ferarum,
408 845 440 899 et
473 859 708 916 nonnumquam
743 859 781 900 ex
814 839 1016 902 nobilissima

8 945 182 1020 iuventute,
209 943 367 1022 produxit.
411 944 472 1004 Sed
500 951 533 1005 et
560 945 671 1005 Troiae
698 944 803 1005 lusum
830 945 933 1006 edidit
953 947 1016 1007 fre

8 1049 214 1129 quentissime
256 1049 407 1109 maiorum
450 1051 665 1128 minorumque
703 1070 880 1129 puerorum,
915 1051 1015 1131 prisci

8 1155 175 1233 decorique
202 1154 298 1214 moris
327 1155 511 1215 existimans
540 1157 641 1216 clarae
669 1156 779 1234 stirpis
806 1155 947 1217 indolem
968 1157 1015 1218 sic

8 1267 176 1321 notescere.
219 1262 259 1320 ln
280 1261 339 1319 hoc
366 1261 487 1320 ludicro
514 1262 654 1321 Nonium
681 1261 892 1340 Asprenatem
920 1262 1015 1342 lapsu

8 1366 208 1427 debilitatum
229 1386 322 1426 aureo
344 1372 454 1442 torque
476 1367 606 1427 donavit
632 1386 806 1445 passusque
829 1373 879 1428 est
906 1367 1014 1447 ipsum

8 1477 211 1550 posterosque
231 1471 383 1548 Torquati
401 1471 483 1530 ferre
503 1490 681 1546 cognomen.
722 1474 798 1531 Mox
816 1472 913 1532 finem
936 1473 1014 1534 fecit

8 1576 85 1638 talia
106 1576 229 1652 edendi,
246 1575 359 1635 Asinio
380 1576 523 1635 Pollione
544 1582 666 1636 oratore
688 1577 826 1652 graviter
844 1577 1014 1640 invidiose·

8 1681 116 1760 quein
137 1681 223 1742 curia
240 1687 351 1758 questo
372 1680 540 1740 Aesernini
561 1681 685 1758 nepotis
701 1680 749 1740 sui
771 1700 887 1758 casum,
902 1682 960 1760 qui
980 1690 1013 1744 et

8 1787 76 1866 ipse
90 1806 160 1846 crus
175 1787 320 1863 fregerat.

48 1892 99 1951 Ad
124 1892 279 1952 scaenicas
305 1913 428 1970 quoque
456 1899 487 1952 et
509 1893 711 1968 gladiatorias
735 1913 845 1972 operas
871 1899 903 1954 et
928 1895 1034 1974 equi-3

8 1997 93 2058 tibus
121 1998 271 2057 Romanis
299 1998 468 2075 aliquando
492 2017 567 2056 usus
593 2004 649 2072 est,
671 2017 781 2057 verum
805 1998 894 2076 prius
917 2020 1012 2077 quam

9 2107 134 2162 senatus
156 2103 298 2162 consulto
318 2103 565 2162 interdiceretur.
608 2103 723 2162 Postea
741 2102 822 2162 nihil
837 2123 911 2164 sane
926 2125 1013 2183 prae·

8 2213 150 2285 terquam
178 2208 448 2267 adulescentulum
475 2207 609 2286 Lycium
632 2208 762 2267 honeste
788 2214 900 2268 natum
928 2211 1013 2270 exhi-

7 2313 85 2388 buit,
107 2318 231 2372 tantum
258 2319 294 2371 ut
322 2314 509 2388 ostenderet,
532 2313 616 2390 quod
640 2318 708 2373 erat
734 2313 874 2392 bipedali
898 2315 1011 2391 minor,

7 2419 158 2478 librarum
193 2418 416 2494 septemdecim
450 2437 486 2477 ac
512 2417 598 2478 vocis
632 2417 812 2478 immensae.
868 2419 1034 2490 Quodam

6 2529 112 2585 autem
147 2523 284 2583 muneris
313 2524 363 2582 die
391 2523 580 2582 Parthorum
609 2522 732 2583 obsides
762 2528 838 2584 tunc
871 2525 1011 2605 primum

7 2628 119 2688 missos
147 2648 203 2706 per
231 2628 366 2688 mediam
398 2627 546 2688 harenam
573 2628 613 2688 ad
642 2628 855 2705 spectaculum
883 2630 1010 2691 induxit

7 2754 162 2813 superque
177 2754 210 2794 sc
225 2734 373 2794 subsellio
393 2735 527 2793 secundo
549 2734 721 2795 collocavit.
765 2733 892 2796 Solebat
913 2737 1010 2797 etiam

7 2841 86 2901 citra
113 2839 361 2919 spectaculorum
389 2840 466 2915 dies,
496 2840 523 2899 si
549 2840 674 2917 quando
701 2839 777 2916 quid
809 2839 1010 2901 invisitatum

5 2945 199 3022 dignumque
227 2944 353 3020 cognitu
379 2945 546 3004 advectum
573 2951 665 3019 esset,
690 2944 721 3003 id
750 2950 841 3006 extra
866 2947 1009 3007 ordinem

6 3050 147 3130 quolibet
173 3050 241 3109 loco
265 3049 434 3126 publicare,
458 3055 495 3108 ut
522 3049 749 3109 rhinocerotem
772 3051 858 3128 apud
883 3052 1009 3132 Saepta,

6 3154 115 3234 tigrim
138 3154 173 3214 in
197 3173 317 3229 scaena,
340 3173 474 3232 anguem
499 3154 726 3232 quinquaginta
751 3154 927 3216 cubitorum
951 3179 1009 3237 pro

6 3261 141 3322 comitio.

11 3386 13 3392 ’
47 3367 172 3429 Accidit
201 3367 317 3428 votivis
350 3367 539 3427 circensibus
573 3373 610 3426 ut
641 3375 801 3452 correptus
832 3369 1032 3432 valitudines

5 3468 117 3535 lectica
145 3472 260 3533 cubans
288 3477 394 3532 tensas
421 3471 607 3546 deduceret3
642 3493 758 3548 rursus,
790 3475 1008 3537 commissione

5 3573 152 3640 ludorum
183 3579 296 3656 quibus
328 3579 486 3638 theatrum
518 3578 662 3637 Marcelli
696 3579 870 3655 dedicabat,
903 3583 1008 3642 evenit

2 3686 43 3742 ut
68 3684 183 3750 laxatis
214 3684 310 3744 sellae
340 3684 456 3742 curulis
485 3682 685 3759 compagibus
714 3685 838 3744 caderet
866 3687 1007 3763 supinus.
