2678 4140
118 212 159 276 50
201 223 230 273 c.
257 215 414 273 sunroru
436 213 665 276 rhenonum
689 218 738 268 na
763 219 856 272 vrrs
879 223 1089 276 cassanum

119 396 232 456 studiis
244 391 377 454 vacavit.
414 388 523 464 thue
534 387 673 464 primum
684 391 822 452 occisum
833 413 905 454 eum
916 397 1134 477 heredemque

119 521 152 562 se
167 499 328 577 comperit,
343 496 398 556 diu
413 498 576 553 cunctatus
591 513 632 553 an
652 497 812 573 proximas
827 499 967 576 legiones
982 503 1135 581 implora

119 613 177 682 ret,
192 607 224 665 id
239 605 367 683 quidem
382 599 547 660 consilium
560 606 598 659 ut
615 620 765 680 praeceps
781 603 1041 685 inmaturumque
1056 611 1135 670 omi-

120 713 171 773 sit.
213 713 360 772 Ceterum
387 705 464 766 urbe
481 704 617 782 repetita
630 707 841 769 hereditatem
854 711 946 786 adiit,
960 713 1134 776 dubitante

96 821 230 892 amatre,
252 815 365 875 vitrico
387 830 460 871 vero
488 810 608 870 Marcio
629 812 782 892 Philippo
804 815 963 876 consulari
991 819 1134 880 multum

120 922 330 984 dissuadente.
373 917 479 994 Atque
492 916 533 976 ab
547 934 582 976 eo
597 922 739 995 tempore
758 920 949 981 exercitibus
971 941 1157 1002 comparas

120 1030 172 1104 tie,
193 1028 330 1105 primum
352 1044 422 1084 curn
439 1025 482 1082 M.
500 1022 638 1082 Antonio
655 1025 763 1101 M.que
780 1026 909 1103 Lepido,
926 1028 1043 1089 deinde
1064 1036 1134 1090 tan-

121 1141 190 1194 tum
211 1152 281 1191 curn
305 1129 445 1190 Antonio
473 1147 529 1206 per
550 1129 715 1188 duodecim
736 1130 803 1190 fere
823 1131 932 1208 annos,
955 1135 1132 1196 novissime

121 1260 178 1319 per
192 1243 341 1315 quattuor
356 1240 387 1295 et
402 1234 610 1311 quadraginta
625 1235 709 1294 solus
725 1255 790 1296 rem
805 1257 834 1314 p.
851 1239 963 1298 tenuit.

83 1358 112 1403 10
161 1342 329 1422 Proposita
351 1341 434 1399 vitae
456 1340 522 1399 eins
544 1340 633 1398 velut
655 1359 786 1416 summa,
809 1347 916 1418 partes
939 1344 1131 1421 singillatim
1157 1351 1174 1400 9

120 1468 222 1527 neque
236 1467 292 1526 per
306 1452 449 1523 tempora
462 1446 517 1506 sed
534 1465 591 1523 per
610 1446 729 1523 species
751 1465 896 1522 exequar,
916 1467 979 1524 quo
1000 1451 1132 1511 distino

121 1556 185 1616 tius
199 1551 408 1613 demonstrari
423 1550 627 1627 cognoscique
641 1551 772 1628 possint.

162 1659 253 1719 Bella
273 1657 380 1718 civilia
399 1656 538 1733 quinque
559 1656 674 1732 gessit:
697 1657 887 1734 Mutinense,
909 1660 1129 1739 Philippense,

122 1765 319 1839 Perusinum,
343 1761 491 1837 Siculum,
520 1762 703 1836 Actiacum3
739 1782 755 1822 e
783 1763 896 1840 quibus
925 1766 1065 1842 primum
1093 1787 1131 1829 ac

83 1885 113 1930 15
122 1870 328 1932 novissimum
344 1868 494 1927 adversus
516 1869 560 1925 M.
583 1866 766 1943 Antonium,
783 1869 954 1928 secundum
975 1872 1129 1934 adversus

123 1979 257 2036 Brutum
278 1980 311 2034 et
332 1972 484 2047 Cassium,
500 1973 630 2031 tertium
651 1973 801 2032 adversus
823 1973 858 2033 L.
883 1975 1058 2036 Antonium
1075 1980 1130 2038 tri-

122 2080 238 2141 umviri
252 2081 393 2152 fratrem,
404 2082 551 2153 quartum
565 2078 715 2137 adversus
727 2079 858 2138 Sextum
872 2081 1060 2157 Pompeium
1072 2083 1127 2145 Cn.

122 2188 231 2247 filium.

164 2290 312 2352 Omnium
332 2290 486 2349 bellorum
508 2289 635 2347 initium
656 2295 689 2349 et
717 2309 841 2349 causam
868 2291 942 2350 hinc
970 2295 1126 2372 sumpsit:
1152 2309 1184 2360 10

23 2408 25 2413 '
84 2397 203 2460 anihil
232 2395 467 2455 convenientius
484 2395 600 2452 ducens
623 2414 717 2470 quam
738 2415 845 2454 necem
866 2398 1014 2457 avunculi
1028 2399 1129 2458 vindi·

123 2523 193 2565 care
215 2502 358 2578 tuerique
379 2506 458 2574 acta,
481 2500 648 2559 confestim
669 2507 706 2560 ut
728 2501 897 2578 Apollonia
924 2503 1128 2578 rediit-Bru-

123 2615 192 2670 tum
214 2608 418 2682 Cassiumque
441 2611 474 2665 et
500 2605 532 2664 vi
560 2605 776 2682 neoqpinantis
805 2612 846 2681 et,
862 2607 936 2683 quia
964 2609 1127 2685 provisum

124 2713 298 2793 periculum
313 2711 578 2786 subterfugerant,
593 2710 714 2785 legibus
729 2711 859 2787 adgredi
875 2730 1007 2789 reosque
1022 2714 1125 2775 caedis

123 2819 262 2881 absentis
277 2818 400 2877 deferre
416 2816 537 2876 statuit.
580 2815 686 2874 Ludos
701 2822 806 2876 autem
822 2817 972 2877 victoriae
983 2819 1125 2880 Caesaris

85 2941 186 2986 aenon
206 2923 394 2984 audentibus
416 2923 519 2982 facere
541 2921 654 2997 quibus
677 2923 834 2998 optigerat
856 2922 888 2981 id
913 2942 1035 2999 munus,
1058 2925 1126 3004 ipse

124 3031 232 3090 edidit.
274 3031 317 3088 Et
340 3048 401 3105 quo
423 3028 618 3087 constantius
641 3033 744 3087 cetera
772 3047 896 3105 quoque
919 3036 1148 3106 exequeretura

125 3136 157 3195 in
179 3137 281 3195 locum
303 3140 342 3195 tr.
365 3135 407 3211 pl.
431 3134 513 3194 forte
535 3134 691 3193 demortui
709 3134 912 3193 candidatum
929 3153 962 3194 se
976 3136 1125 3210 ostendit,

124 3261 304 3319 quanquam
331 3241 482 3318 patricius
510 3241 643 3299 necdum
671 3247 803 3299 senator.
854 3240 915 3299 Sed
939 3241 1126 3301 adversante

126 3348 288 3407 conatibus
304 3348 368 3407 suis
383 3350 427 3407 M.
444 3346 583 3406 Antonio
599 3345 733 3420 consule,
749 3365 843 3422 quem
857 3346 907 3405 vel
923 3345 1127 3423 praecipuum

87 3453 300 3513 soadiutorem
315 3458 505 3531 speraverat,
520 3471 556 3511 ac
570 3471 609 3510 ne
624 3450 785 3527 publicum
800 3451 927 3527 quidem
944 3456 976 3510 et
996 3451 1127 3510 transla

125 3558 227 3617 tivum
242 3559 290 3618 ius
304 3560 370 3619 ulla
384 3559 417 3617 in
432 3578 464 3617 re
480 3557 539 3616 sibi
558 3557 625 3615 sine
639 3556 783 3633 pactione
798 3555 1001 3631 gravissimae
1015 3575 1128 3616 meroe·

125 3663 174 3722 dis
200 3663 402 3742 impertiente
426 3663 466 3723 ad
491 3662 659 3740 optimates
685 3679 718 3720 se
744 3661 887 3734 contulit,
913 3660 1026 3738 quibus
1055 3679 1127 3720 eum
