2678 4140
133 229 174 295 84
216 241 246 293 C.
271 239 428 292 SUETONI
451 240 678 302 TRANQUILLI
702 240 752 292 Du
775 239 866 290 VITA
888 238 1093 292 CAESARUM

133 415 253 475 editum
288 415 445 475 infantem
475 414 624 491 adgnosci
655 414 761 492 alique
792 413 902 474 vetuit.
958 413 1138 492 Agrippam

132 519 233 579 nihilo
253 519 509 595 tractabiliorem,
525 519 620 578 immo
635 519 668 578 in
687 519 754 579 dies
775 518 981 579 amentiorem
1000 519 1035 578 in
1054 519 1139 580 insu-

132 625 197 684 lam
217 625 448 702 transportavit
468 624 648 702 saepsitque
669 624 799 702 insuper
824 624 965 684 custodia
986 623 1136 685 militum.

133 729 226 790 Cavit
251 730 346 790 etiam
371 749 395 790 1.
419 749 443 790 1.
465 728 631 790 uteodem
652 729 714 789 loci
735 729 977 808 inperpetuum
1001 730 1139 790 contine·

109 840 228 897 oretur.
272 835 377 912 Atque
391 834 432 895 ad
447 854 570 894 omnem
586 840 619 894 et
635 835 702 894 eius
720 839 752 894 et
772 835 926 895 Iuliarum
944 834 1138 896 mentionem

132 939 340 1016 ingemiscens
355 939 548 1018 proclamare
563 939 659 1000 etiam
673 939 811 1000 solebat:

227 1096 289 1157 AiO'
310 1097 417 1171 ὄφελον
437 1097 542 1176 ἄγαμός
564 1095 589 1156 τ’
610 1098 701 1173 ἔμεναι
722 1097 820 1178 ἄγονός
836 1096 866 1182 ,τ’
887 1098 1042 1158 ἀπολέσθω

19 1266 23 1273 “
132 1275 190 1318 nec
209 1257 303 1317 aliter
323 1275 376 1316 eos
397 1256 558 1333 appellare
579 1275 673 1333 quam
685 1256 743 1316 tris
768 1256 905 1316 vomicas
930 1275 966 1316 ac
989 1256 1052 1317 tria
1074 1242 1139 1318 car-

133 1363 290 1423 cinomata
304 1381 368 1422 sua.

94 1481 123 1527 10
173 1465 340 1526 Amicitias
361 1484 463 1544 neque
484 1466 578 1526 facile
598 1467 729 1527 admisit
743 1472 775 1527 et
790 1468 1043 1528 constantissime
1065 1468 1138 1528 reti·
1161 1478 1182 1528 61

132 1572 212 1649 nuit,
226 1591 289 1632 non
308 1577 433 1632 tantum
452 1572 587 1632 virtutes
606 1592 643 1632 ac
661 1573 774 1633 merita
792 1573 941 1650 cuiusque
958 1573 1053 1650 digne
1068 1594 1138 1652 pro

133 1682 268 1753 secutus,
284 1678 340 1737 sed
357 1677 437 1737 vitia
458 1697 581 1755 quoque
602 1684 635 1737 et
655 1678 781 1753 delicta,
795 1679 871 1737 dum
893 1684 983 1739 taxat
1003 1680 1136 1755 modica,

133 1801 309 1861 perpessus.
364 1784 475 1860 Neque
507 1783 591 1842 enim
620 1789 736 1843 temere
765 1802 803 1843 ex
831 1783 917 1842 omni
944 1803 1075 1844 numero
1102 1785 1138 1843 in

132 1887 272 1949 amicitia
300 1887 366 1947 eius
398 1887 506 1948 afflicti
538 1889 734 1966 reperientur
765 1895 890 1966 praeter
920 1889 1138 1949 Salvidienum

94 2009 123 2054 15
133 1993 264 2068 Rufum,
283 2012 376 2070 quem
397 1994 438 2053 111
459 1994 655 2053 consulatum
678 2013 787 2071 usque,
809 1999 841 2054 et
862 1994 1043 2055 Cornelium
1064 1996 1139 2055 Gal·

133 2100 208 2174 lum,
230 2117 323 2175 quem
343 2100 384 2159 111
404 2100 636 2176 praefecturam
657 2100 808 2178 Aegypti,
830 2118 869 2159 ex
890 2099 998 2160 infima
1018 2107 1139 2160 utrum·

133 2223 194 2281 que
221 2204 349 2263 fortuna
377 2209 571 2282 provexerat.
628 2205 766 2274 Quorum
794 2205 930 2264 alterum
960 2223 1009 2264 111
1037 2223 1163 2268 novasa

134 2309 316 2368 molientem
342 2310 554 2369 damnandum
583 2310 706 2369 senatui
734 2310 876 2386 tradidit,
902 2310 995 2371 alteri
1024 2311 1065 2371 ob
1093 2313 1139 2371 in·

133 2419 258 2491 gratum
282 2410 314 2474 et
338 2414 520 2474 malivolum
542 2415 682 2474 animum
705 2415 798 2474 domo
819 2422 853 2475 et
874 2402 1046 2493 provinciis
1070 2417 1137 2477 suis

94 2519 307 2581 cointerdixit.
351 2520 411 2579 Sed
434 2520 526 2579 Gallo
547 2539 671 2597 quoque
686 2526 719 2579 et
735 2526 952 2580 accusatorum
973 2522 1139 2583 denuntia

133 2625 271 2685 tionibus
293 2629 325 2684 11
347 2630 473 2684 senatus
494 2625 644 2684 consultis
664 2625 705 2685 ad
727 2645 835 2685 necem
852 2626 1012 2703 conpuls0,
1032 2627 1138 2689 lauda
1169 2680 1173 2685 .

133 2731 181 2791 vit
204 2730 332 2808 quidem
357 2729 509 2806 pietatem
534 2735 622 2790 tanto
644 2749 737 2807 opere
758 2750 816 2808 pro
838 2750 870 2790 11
892 2731 1136 2808 indignantium,

134 2841 271 2896 ceterum
292 2841 325 2895 et
346 2834 557 2894 inlacrimauit
579 2841 611 2894 et
631 2835 733 2895 vicem
755 2855 844 2896 suam
867 2843 1055 2913 conquestus
1077 2845 1136 2914 est,

133 2942 234 3019 quod
266 2940 343 3000 sibi
379 2940 455 2999 soli
486 2960 561 2999 non
592 2940 738 3000 liceret
768 2941 906 3001 amicis
939 2947 1136 3018 quatenus

95 3046 258 3111 revellet
292 3045 436 3105 irasci.
493 3045 621 3122 Reliqui
651 3047 793 3123 potentia
828 3052 923 3123 atque
951 3047 1064 3125 opibus
1094 3049 1160 3109 1111

132 3152 228 3211 finem
255 3152 340 3212 vitae
370 3151 419 3210 sui
448 3151 580 3228 quisque
612 3151 731 3211 ordinis
763 3151 920 3229 principes
951 3152 1135 3230 floruerunt,

134 3277 313 3335 quanquam
324 3262 357 3317 et
368 3257 495 3317 offensis
511 3257 803 3317 intervenientibus.
838 3258 1040 3319 Desideravit
1051 3259 1136 3319 enim

133 3382 378 3440 nonnumquam,
399 3381 438 3421 ne
459 3363 498 3422 de
519 3361 662 3439 pluribus
688 3363 832 3438 referam,
854 3369 887 3423 et
907 3364 951 3423 M.
974 3364 1136 3443 Agrippae

133 3467 320 3548 patientiam
335 3473 367 3527 11
381 3467 572 3527 Maecenatis
588 3468 848 3543 taciturnitatem,
864 3487 934 3527 cum
948 3469 1003 3529 ille
1016 3489 1055 3529 ex
1072 3471 1137 3531 levi

95 3573 261 3650 eofrigoris
287 3572 464 3650 suspicione
486 3578 518 3632 et
543 3573 626 3649 quod
650 3573 819 3633 Marcellus
842 3573 903 3633 sibi
924 3575 1137 3636 anteferretur

134 3679 306 3758 Mytilenas
330 3696 362 3738 11
384 3677 503 3737 11111111
525 3676 668 3736 omnibus
691 3677 885 3753 contulisset,
907 3679 959 3739 hic
981 3686 1137 3742 secretum
