2678 4140
403 286 515 337 niara
538 285 575 336 11.
611 286 725 337 mvus
748 286 940 340 uuousrus
1134 275 1176 341 65

175 453 257 519 nium
277 459 498 520 reddidissent.
548 461 661 538 Itaque
682 466 715 520 et
736 479 831 538 opera
853 459 1003 537 cuiusque
1025 461 1176 522 manenti-

174 565 227 625 bus
242 565 346 625 titulis
365 565 506 625 restituit
522 569 555 625 et
571 570 692 625 statuas
709 565 848 624 omniurn
870 565 1056 642 triumphali
1073 565 1174 642 effigie

173 671 205 730 in
216 676 350 748 utraque
364 669 427 730 fori
441 670 491 729 sui
505 670 629 747 porticu
643 669 810 744 dedicavit,
826 670 988 747 professus
1005 677 1038 731 et
1053 671 1173 732 edicto:

173 781 434 836 commentum
461 775 573 850 idse,
601 781 645 834 ut
671 775 718 835 ad
747 774 915 834 illorum
1057 777 1173 838 velut
1235 752 1281 806 V

171 882 216 941 ad
244 881 452 958 exemplar
483 881 650 958 etipse,
679 881 769 939 dum
798 881 977 956 viveret,
1007 887 1047 942 et
1075 883 1198 945 inses

171 986 382 1063 quentium
402 986 603 1046 aetatium
625 986 837 1063 principes
861 987 1128 1063 exigerentur
1153 1008 1174 1048 a

171 1086 339 1153 civibus.
381 1091 514 1169 Pompei
534 1111 658 1169 quoque
680 1096 817 1151 statuam
839 1098 947 1151 contra
969 1093 1085 1152 theatri
1106 1093 1172 1153 eius

171 1197 286 1274 regiam
306 1217 479 1258 marmoreo
503 1199 581 1257 Iano
603 1197 813 1275 superposuit,
837 1198 1025 1256 translatam
1047 1217 1064 1257 e
1087 1198 1174 1258 curia

169 1301 203 1361 in
224 1322 286 1379 qua
306 1303 340 1363 Ο.
355 1303 470 1363 Caesar
491 1303 595 1362 fuerat
616 1303 743 1362 occisus.

111 1411 149 1466 32
208 1408 363 1485 Pleraque
387 1408 519 1486 pessimi
532 1407 669 1485 exempli
690 1408 724 1466 in
745 1408 926 1485 perniciem·
937 1409 1096 1487 publicam
1117 1415 1213 1470 antro

170 1531 207 1571 ex
222 1513 447 1573 consuetudine
461 1513 651 1589 licentiaque
662 1513 816 1572 bellorum
828 1513 970 1573 civilium
980 1514 1172 1575 duraverant

169 1623 224 1678 aut
245 1638 302 1696 per
325 1637 435 1696 pacem
458 1618 554 1678 etiam
577 1619 757 1678 extiterant.
806 1619 890 1678 Nam
913 1625 945 1679 et
958 1626 1172 1695 grassatorum

170 1722 297 1800 plurimi
318 1724 424 1802 palam
445 1743 478 1783 se
499 1724 644 1784 ferebant
665 1723 816 1783 succincti
838 1724 932 1799 ferro,
953 1725 1044 1802 quasi
1061 1726 1171 1785 tuendi
1253 1707 1258 1717 ⁴

171 1829 217 1888 sui
244 1848 346 1904 causa,
370 1833 402 1889 et
429 1829 514 1908 rapti
542 1849 598 1907 per
622 1848 712 1904 agros
737 1828 873 1888 viatores
898 1830 966 1888 sine
990 1830 1171 1890 discrimine

169 1934 259 1994 liberi
282 1935 427 2012 servique
454 1935 621 2011 ergastulis
646 1953 861 2012 possessorum
884 1935 1170 2012 supprimebantur,
1180 1945 1208 1991 1⁵

169 2044 200 2099 et
219 2040 374 2117 plurimae
396 2040 549 2100 factiones
572 2040 666 2099 titulo
688 2039 799 2116 collegi
818 2040 892 2099 novi
908 2041 949 2100 ad
968 2040 1086 2100 nullius
1107 2061 1171 2100 non

169 2145 316 2204 facinoris
332 2145 514 2205 societatem
528 2145 661 2204 coibant.
705 2145 809 2220 Igitur
823 2151 1019 2221 grassaturas
1039 2146 1171 2225 disposi·
1215 2143 1217 2147 ’

169 2249 209 2309 tis
237 2269 294 2328 per
324 2256 501 2328 opportuna
528 2251 596 2310 loca
623 2249 812 2309 stationibus
840 2251 987 2326 inhibuit,
1012 2251 1171 2337 ergastula

143 2360 145 2364 ’
169 2356 357 2432 recognovit,
373 2356 504 2432 collegia
516 2361 642 2435 praeter
656 2356 787 2432 antiqua
805 2360 837 2415 et
854 2357 997 2431 legitima
1013 2347 1168 2417 dissolvit.

147 2470 161 2514 2
207 2461 343 2521 Tabulas
361 2466 503 2521 veterum
519 2461 620 2521 aerari
637 2461 824 2535 debitorum,
841 2461 891 2520 vel
909 2461 1110 2539 praecipuam
1125 2475 1208 2522 cabo

168 2565 343 2625 lumniandi
359 2567 532 2642 materiam,
551 2567 690 2641 exussit3
711 2566 779 2626 loca
798 2566 831 2624 in
850 2566 927 2625 urbe
946 2567 1073 2644 publica
1091 2567 1168 2626 iuris

168 2670 306 2747 ambigui
320 2672 551 2749 possessoribus
565 2672 778 2746 adiudicavit3
810 2671 1032 2732 diuturnorum
1046 2691 1169 2732 reorum

169 2781 200 2836 et
216 2796 255 2836 ex
270 2772 404 2853 quorum
422 2777 565 2836 sordibus
585 2777 665 2836 nihil
683 2777 770 2836 aliud
790 2797 883 2854 quarn
902 2778 1048 2855 voluptas
1069 2778 1171 2837 inimi·

169 2881 211 2941 cis
226 2889 427 2959 quaereretur
445 2883 572 2942 nomina
588 2882 735 2957 abolevit,
755 2883 934 2942 condicione
954 2883 1116 2960 proposita
1133 2889 1170 2943 ut

168 2987 195 3046 si
216 3007 310 3064 quem
323 2989 394 3065 quis
409 2995 550 3066 repetere
572 2988 677 3063 vellet,
693 3007 750 3065 par
765 2987 940 3065 periculum
961 3007 1079 3066 poenae
1101 2989 1207 3050 subeo

167 3091 235 3152 iret.
277 3093 327 3153 Ne
342 3093 425 3170 quod
439 3099 545 3153 autem
565 3092 752 3152 maleficium
769 3093 969 3168 negotiumve
989 3093 1168 3171 inpunitate

169 3198 217 3258 vel
228 3217 324 3259 mora
340 3198 524 3274 elaberetur,
540 3199 672 3274 triginta
688 3198 825 3276 amplius
843 3198 920 3273 dies,
935 3199 990 3276 qui
1006 3199 1168 3260 honoraris

146 3302 250 3363 aludis
265 3304 505 3382 occupabantur,
520 3304 605 3364 actui
625 3323 729 3364 rerum
745 3305 1000 3365 accommodavit.
1044 3305 1095 3364 Ad
1110 3306 1167 3365 tris

168 3403 306 3468 iudicum
330 3409 471 3470 decurias
497 3416 641 3486 quartam
668 3409 792 3469 addidit
821 3428 858 3468 ex
887 3409 1036 3470 inferiore
1065 3431 1168 3486 censu,

168 3532 246 3590 quae
265 3514 503 3575 ducenariorum
520 3520 683 3574 vocaretur
703 3515 916 3592 iudicaretque
938 3515 977 3575 de
998 3516 1206 3576 levioribusac

168 3618 306 3679 summis.
349 3620 474 3679 Iudices
495 3639 514 3679 a
535 3619 716 3680 tricensimo
739 3620 853 3680 aetatis
878 3640 960 3680 anno
983 3622 1112 3698 adlegit,
1136 3623 1168 3680 id

168 3728 216 3784 est
232 3724 446 3803 quinquennio
464 3724 617 3785 maturius
635 3743 729 3802 quam
746 3724 897 3785 solebant.
940 3725 988 3786 Ac
1009 3727 1168 3804 plerisque

1240 2245 1271 2277 1ae
