2678 4146
340 635 379 708 C.
417 633 632 707 SUETONI
667 634 977 717 TRANQUILLI

314 867 395 948 DE
437 865 595 946 VITA
618 865 1005 997 'CAESARUM

555 1103 697 1168 LIBER
729 1103 757 1166 Ι.

470 1299 623 1374 DIVUS
674 1299 844 1374 IULIUS

288 1487 306 1521 ἦ
469 1485 485 1518 ff
650 1483 667 1518 ἦ
829 1484 846 1519 ᾖ
1010 1485 1028 1522 Ι

114 1606 130 1657 1
194 1617 324 1674 Annum
344 1630 439 1688 agens
468 1617 592 1671 sextum
621 1611 777 1670 decimum
805 1617 928 1688 patrem
956 1613 1080 1689 amisit3
1115 1632 1160 1674 se

159 1720 387 1797 quentibusque
403 1716 582 1776 consulibus
597 1715 712 1776 flamen
722 1716 824 1776 Dialis
836 1717 1013 1778 destinatus
1028 1718 1159 1780 dimissa

158 1825 310 1898 Cossutia,
326 1842 405 1900 quae
420 1821 543 1882 familia
557 1821 697 1899 equestri
713 1822 767 1881 sed
781 1822 951 1881 admodum
965 1823 1053 1883 dives
1073 1844 1159 1901 prae-

157 1936 276 1991 textato
293 1929 484 2005 desponsata
500 1927 615 2002 fuerat,
631 1926 808 1987 Corneliam
826 1927 944 1988 Cinnae
961 1935 1073 2005 quater
1090 1949 1158 1989 oon-

156 2038 231 2096 sulis
250 2036 351 2095 filiam
365 2033 457 2092 duxit
470 2052 610 2107 uxorem,
625 2052 663 2092 ex
678 2051 740 2109 qua
755 2032 803 2090 illi
818 2052 890 2092 mox
906 2033 989 2093 Iulia
1003 2040 1077 2094 nata
1091 2041 1140 2095 est
1150 2050 1181 2110 35

154 2147 305 2220 nequent
320 2139 501 2217 repudiaret
519 2138 665 2215 compelli
679 2158 698 2197 a
712 2138 866 2198 dictatore
882 2139 970 2199 Sulla
985 2139 1050 2198 ullo
1065 2141 1156 2201 modo

132 2248 266 2326 apotuit.
309 2246 410 2316 Quare
432 2250 465 2304 et
486 2243 661 2333 sacerdotio
682 2249 714 2304 et
734 2244 841 2304 uxoris
864 2245 937 2304 dote
952 2251 985 2305 et
998 2245 1156 2322 gentilicis

153 2352 381 2414 hereditatibus
403 2351 556 2410 multatus
585 2349 781 2409 diversarum
808 2350 947 2427 partium
975 2351 1156 2427 habebatur,

154 2466 190 2519 ut
210 2459 307 2519 etiam
331 2457 490 2517 discedere
512 2476 529 2515 e
552 2456 654 2514 medio
675 2462 708 2515 et
729 2476 919 2533 quamquam
941 2457 1047 2516 morbo
1069 2478 1158 2535 quar-

155 2571 245 2625 tanae
266 2564 458 2639 adgravante
479 2581 577 2639 prope
598 2581 655 2639 per
676 2561 815 2637 singulas
836 2567 943 2621 noctes
966 2569 1156 2623 commutare
1167 2578 1196 2623 ιο

154 2670 289 2731 latebras
312 2673 474 2744 cogeretur
495 2686 591 2744 seque
612 2667 652 2727 ab
673 2666 912 2745 inquisitoribus
933 2669 1065 2744 pecunia
1079 2670 1157 2729 redi-

155 2782 261 2850 meret,
282 2775 381 2834 donec
409 2793 465 2850 per
492 2773 630 2849 virgines
652 2774 797 2833 Vestales
820 2793 938 2851 perque
962 2775 1156 2833 Mamercum

154 2880 325 2940 Aemilium
353 2884 386 2938 et
414 2879 578 2938 Aurelium
607 2879 733 2939 Cottam
761 2880 954 2957 propinquos
980 2885 1012 2939 et
1036 2879 1154 2939 adfines

133 2995 224 3046 3suos
239 2985 364 3045 veniam
387 2984 580 3062 impetravit.
624 2984 707 3044 Satis
723 2992 846 3045 constat
868 2986 997 3061 Sullam,
1013 3005 1083 3044 eum
1106 2986 1156 3045 de-

155 3091 353 3169 precantibus
371 3091 570 3151 amicissimis
590 3099 622 3152 et
638 3093 847 3152 ornatissimis
865 3093 943 3151 viris
960 3092 1155 3170 aliquamdiu
1165 3102 1193 3147 1⁶

154 3198 339 3274 denegasset
359 3204 454 3275 atque
483 3198 531 3256 illi
552 3199 757 3276 pertinaciter
785 3200 1018 3274 contenderent,
1041 3218 1155 3276 expug-

154 3308 261 3362 natum
290 3305 417 3363 tandem
446 3304 654 3381 proclamasse
683 3305 749 3364 sive
774 3305 928 3364 divinitus
954 3305 1021 3364 sive
1048 3305 1155 3381 aliqua

155 3410 347 3470 coniectura:
393 3410 601 3469 vincerent
634 3429 676 3469 ao
712 3410 790 3468 sibi
832 3410 1032 3485 haberent,
1068 3411 1154 3468 dum

155 3518 262 3577 modo
304 3515 453 3575 scirent
494 3534 577 3574 eum
619 3534 729 3592 quem
772 3515 1002 3574 incolumem
1045 3521 1154 3574 tanto

155 3641 266 3700 opere
290 3627 481 3698 cuperent
506 3621 738 3698 quandoque
764 3621 1014 3697 optimatium
1039 3620 1193 3697 parti-ac

628 3718 641 3766 l
